3876 5880
681 764 1260 824 Prologue
1299 765 1359 825 de
1391 761 1672 821 Anthome
1712 759 2025 819 Digaphete
2071 754 2162 814 sur
2209 756 2254 816 le
2285 753 2506 813 present
2537 759 2674 819 lusre
2713 757 2796 817 sien

685 897 982 957 traictant
1017 897 1090 957 la
1124 895 1468 955 nauigation
1525 885 1755 945 desisles
1790 882 1851 942 de
1880 879 2178 939 Maluque
2264 879 2534 939 Fernand
2563 881 2618 941 de
2653 879 2838 939 Maga

685 1022 924 1082 clianes
959 1014 1341 1074 Portugaloys
1376 1006 1639 1066 capitame
1679 1004 1884 1064 general
1919 1006 1981 1066 de
2011 1004 2216 1064 larmee
2257 1005 2587 1065 voyagiere.
2611 1010 2679 1070 Et
2719 1010 2764 1070 la

686 1149 889 1209 hayne
920 1147 1015 1207 que
1046 1143 1118 1203 les
1143 1138 1359 1198 patrons
1396 1136 1431 1196 el
1456 1132 1648 1192 aultres
1679 1134 1949 1194 capitames
1974 1130 2190 1190 auoient
2227 1130 2401 1190 contre
2432 1134 2515 1194 luy

1328 1267 1676 1327 Chapitre.
1734 1267 2019 1327 Premier.

1330 1517 1572 1577 Ource
1600 1518 1744 1578 quil
1760 1517 1835 1577 ya
1870 1518 2188 1578 plusieurs
2217 1512 2382 1572 gente
2410 1518 2660 1578 curreux
2702 1518 2832 1578 (tres

1351 1634 1610 1694 illustre
1650 1631 1693 1691 et
1718 1631 1830 1691 tres
1860 1631 2153 1691 reuerend
2188 1631 2510 1691 Seigneur)
2535 1636 2769 1696 quinon

1356 1750 1728 1810 seullement
1757 1750 1801 1810 se
1836 1756 2197 1816 contentent
2237 1756 2554 1816 descoutter
2594 1750 2638 1810 et
2658 1749 2843 1809 scauon

906 1877 1449 1937 les
1478 1873 1739 1933 grandes
1768 1871 1808 1931 et
1837 1874 2298 1934 merueiſleuses
2319 1875 2518 1935 choses
2553 1870 2670 1930 que
2698 1867 2807 1927 dien

695 1996 789 2056 ma
827 2001 1036 2061 permys
1074 2001 1221 2061 veoir
1259 2001 1300 2061 et
1327 1995 1574 2055 ſouffrir
1612 1995 1659 2055 en
1701 1997 1748 2057 la
1780 1999 2006 2059 longue
2039 1999 2085 2059 et
2118 1995 2412 2055 perisseuse
2445 1995 2781 2055 nauigation

705 2116 821 2176 que
851 2120 923 2180 lay
958 2118 1127 2178 faicte
1167 2120 1404 2180 cyapres
1429 2115 1666 2175 escripte
1710 2116 1880 2176 Mais
1910 2120 2152 2180 ancores
2182 2120 2448 2180 veullent
2478 2120 2696 2180 scauoir
2735 2120 2793 2180 les

694 2239 948 2299 moyens
980 2234 1025 2294 et
1053 2234 1257 2294 facons
1299 2234 1348 2294 et
1376 2234 1421 2294 le
1449 2234 1676 2294 chemin
1717 2235 1830 2295 que
1863 2237 1935 2297 say
1972 2238 2094 2298 tenu
2140 2240 2285 2300 pour
2322 2240 2340 2300 y
2377 2240 2508 2300 aller
2572 2235 2681 2295 non
2731 2234 2817 2294 adi

705 2359 983 2419 ioustant
1012 2359 1098 2419 foy
1137 2359 1198 2419 ny
1237 2359 1419 2419 ferme
1458 2359 1687 2419 creance
1722 2359 1745 2419 a
1774 2359 1822 2419 la
1851 2359 1927 2419 fin
1976 2359 2018 2419 si
2048 2359 2493 2419 premierement
2527 2359 2570 2419 il
2618 2359 2680 2419 ne
2709 2359 2824 2419 sont

702 2488 837 2548 bien
875 2485 1147 2545 aduertiz
1179 2482 1222 2542 et
1254 2485 1532 2545 cerciorez
1564 2483 1631 2543 du
1681 2479 2245 2539 commancemente
2526 2485 2828 2545 Pourtant

699 2610 1163 2670 Monseigneur
1206 2606 1262 2666 il
1286 2607 1447 2667 vous
1476 2604 1684 2664 plaira
1718 2604 2002 2664 entendre
2050 2601 2172 2661 que
2201 2598 2291 2658 me
2325 2598 2637 2658 trouuant
2685 2598 2731 2658 en

700 2729 1150 2789 Espaignessan
1199 2729 1262 2789 de
1290 2729 1343 2789 la
1376 2729 1627 2789 natiuite
1660 2729 1847 2789 nostre
1880 2724 2147 2784 seigneur
2186 2723 2298 2783 Mil
2325 2726 2614 2786 cinqcenti
2647 2724 2737 2784 dix
2770 2727 2801 2787 en

699 2846 842 2906 neuf
875 2849 897 2909 a
926 2849 976 2909 la
1005 2849 1185 2909 court
1218 2848 1278 2908 de
1311 2849 1672 2909 serenissime
1696 2849 1788 2909 roy
1835 2849 1927 2909 des
1955 2849 2308 2909 Rommams
2355 2849 2521 2909 auecq
2559 2849 2600 2909 le
2628 2849 2822 2909 reuereo

709 2967 978 3027 seigneur
1021 2964 1223 3024 Mon3
1305 2967 1609 3027 Francoys
1644 2968 1975 3028 Cheregato
2017 2966 2185 3026 alors
2213 2965 2680 3025 prothonotaire
2708 2959 2835 3019 apos¬

707 3088 1009 3148 tolique/
1026 3088 1075 3148 et
1104 3088 1538 3148 ambassadeur
1583 3088 1654 3148 du
1705 3088 1842 3148 pape
1875 3093 2024 3153 Leon
2079 3088 2365 3148 dixiesme
2427 3088 2503 3148 Le
2537 3093 2680 3153 quel
2708 3090 2801 3150 par

705 3207 768 3267 sa
803 3213 963 3273 vertu
1008 3216 1237 3276 peruint
1277 3213 1506 3273 depuys
1541 3218 1565 3278 a
1595 3216 1853 3276 leuesche
1893 3213 1961 3273 de
1996 3213 2318 3273 Aprusino
2362 3213 2406 3273 et
2435 3213 2826 3273 principaulte

700 3332 774 3392 de
823 3338 1121 3398 Theramo
1191 3338 1265 3398 Et
1297 3336 1751 3396 congnoissant
1778 3338 1916 3398 tant
1949 3336 2060 3396 par
2093 3332 2317 3392 lecfure
2360 3332 2429 3392 de
2467 3332 2781 3392 plusieurs

714 3456 910 3516 liures
961 3458 1087 3518 que
1117 3458 1228 3518 par
1259 3459 1516 3519 rapport
1557 3461 1627 3521 de
1658 3462 1965 3522 pluſieues
2001 3457 2172 3517 cleros
2203 3455 2248 3515 et
2274 3458 2571 3518 entenduz
2627 3456 2748 3516 qui
2789 3453 2798 3513 e

719 3583 1473 3643 practiquoyentauecq
1518 3583 1681 3643 ledit
1714 3583 2217 3643 prothonotaite
2256 3577 2326 3637 les
2354 3582 2747 3642 tresgrandes
2780 3577 2823 3637 et

705 3695 1156 3755 espouentables
1190 3698 1391 3758 choses
1429 3701 1499 3761 de
1528 3701 1585 3761 la
1618 3702 1744 3762 mer
1778 3701 1994 3761 occean
2037 3696 2107 3756 [ie
2145 3695 2446 3755 deliberay
2475 3695 2681 3755 (auecq
2729 3691 2775 3751 la

715 3815 929 3875 bonne
968 3816 1133 3876 grace
1167 3818 1238 3878 de
1266 3822 1607 3882 lempereur
1652 3822 1701 3882 et
1729 3822 1800 3882 du
1845 3821 2043 3881 ſusdit
2076 3816 2412 3876 seigneur)
2440 3816 2864 3876 experimenter

722 3935 791 3995 et
819 3935 971 3995 aller
1006 3939 1171 3999 vebir
1214 3944 1233 4004 a
1269 3946 1420 4006 loeil
1449 3945 1655 4005 partie
1691 3943 2008 4003 desdictes
2037 3941 2250 4001 choles
2293 3941 2403 4001 Au
2452 3938 2652 3998 moyen
2722 3935 2783 3995 de

2560 5356 2813 5416 tfe
2895 5356 2925 5416 f

789 5416 1095 5476 Centimetres

2926 1935 3088 1995 ilgalA
3127 1935 3164 1995 ah
3203 1936 3253 1996 he

2915 2012 3100 2072 teratros
3126 2012 3273 2072 miie

2852 2525 3012 2585 Entre
3026 2520 3137 2580 prise
3175 2520 3224 2580 de
3249 2520 3416 2580 Antóm

2866 2606 3126 2666 Pigáphete
3174 2607 3220 2667 de
3244 2610 3282 2670 la
3302 2610 3429 2670 návig

2864 2683 2954 2743 tion
3001 2688 3048 2748 de
3072 2688 3103 2748 la
3139 2694 3409 2754 superiente
