2625 3965
432 215 585 275 Dat
618 217 687 277 hij
714 216 962 276 Hendrick
1014 219 1199 279 Jansen
1232 222 1346 282 van
1398 238 1769 298 purmerent
1814 240 1929 300 tumm
2006 249 2076 309 die
2115 257 2172 317 bij
2205 262 2434 322 Caelmors

421 289 491 349 de
526 282 696 342 Syams
731 281 865 341 onder
916 280 1375 340 Coopmangenck
1431 293 1725 353 wandelen
1755 300 1900 360 maer
1951 318 2220 378 gebenden
2255 324 2394 384 sijnde

408 354 502 414 hem
569 346 664 406 het
704 347 826 407 heet
866 345 1017 405 soude
1068 348 1441 408 afstooten
1470 349 1643 409 waer
1683 359 1788 419 toe
1839 363 1900 423 hij
1940 377 2230 437 Jerommus
2259 384 2336 444 aen
2365 384 2470 444 roijer

416 421 501 481 Een
550 411 846 471 pouijaert
886 407 990 467 inde
1049 409 1221 469 hondt
1251 413 1480 473 langoe
1539 416 1614 476 ende
1635 419 1825 479 heeft
1884 433 2065 493 evijer
2143 458 2334 518 voors.
2354 466 2430 526 heet

450 494 642 554 selve
706 486 845 546 oock
899 479 1131 539 gedaen

403 589 576 649 Item
655 586 713 646 op
758 586 848 646 den
887 588 944 648 16
978 586 1242 646 augustij
1275 582 1448 642 heeft
1501 571 1791 631 Jerommus
1818 570 1959 630 aren
1998 580 2121 640 Jan
2192 584 2288 644 van

398 657 674 717 bommel
715 649 935 709 kaquijt
997 652 1309 712 nachter
1366 647 1611 707 geweest
1658 647 1872 707 geseijt
1909 653 2036 713 daer
2078 659 2128 719 is
2170 661 2430 721 nusabel

408 726 579 786 gret
618 718 779 778 slaet
818 716 1106 776 Corneeles
1145 719 1335 779 auders
1375 718 1492 778 van
1537 727 1882 787 Elxendam
1956 735 2141 795 hoopb
2191 741 2297 801 daer
2322 745 2449 805 meede

414 798 499 858 en
542 794 627 854 cop
665 786 728 846 af
777 782 819 842 om
895 780 959 840 te
997 775 1098 835 sien
1136 779 1183 839 of
1242 780 1327 840 hij
1360 778 1504 838 oock
1563 781 1750 841 scherp
1798 787 1846 847 is
1890 791 1969 851 dan
2023 800 2327 860 seevanck

410 866 598 926 sulckx
656 851 1027 911 verstaende
1081 846 1216 906 seijde
1273 840 1369 900 dat
1409 843 1452 903 de
1488 849 1702 909 voors.
1738 852 1886 912 Ja„
1931 856 2031 916 vor
2132 863 2381 923 bommel

406 937 548 997 daer
602 932 697 992 toe
739 929 786 989 te
823 925 1018 985 swack
1072 913 1214 973 was
1245 910 1304 970 ende
1316 909 1476 969 wiert
1542 918 1791 978 matthis
1822 920 1952 980 beer
1994 928 2445 988 daertoegenomen

413 1008 481 1068 die
545 1002 627 1062 den
672 1000 891 1060 Jongen
935 994 979 1054 in
1028 983 1354 1043 presentie
1418 984 1530 1044 van
1609 990 1920 1050 Feromrimus
1950 993 1994 1053 op
2028 1002 2228 1062 lichten
2258 999 2394 1059 dach

411 1075 485 1135 den
529 1066 857 1126 Copmeest
907 1056 1031 1116 met
1069 1050 1174 1110 een
1224 1046 1516 1106 slachat
1572 1052 1820 1112 sloech
1851 1056 2025 1116 waer
2069 1061 2211 1121 over
2261 1062 2434 1122 Jeronde

408 1144 589 1204 stont
623 1137 680 1197 en
737 1127 971 1187 lachte
1020 1119 1216 1179 daeren
1274 1114 1574 1174 boonesal
1618 1117 1713 1177 hoe
1752 1120 1880 1180 wel
1914 1124 1976 1184 hij
2000 1127 2086 1187 een
2130 1142 2363 1202 geront

395 1210 525 1270 man
578 1203 722 1263 was
762 1196 938 1256 heeft
984 1189 1109 1249 niet
1142 1183 1547 1243 tegenstaende
1587 1191 1862 1251 lucretia
1915 1201 2059 1261 Jans
2092 1205 2131 1265 in
2184 1207 2255 1267 sijn
2295 1209 2406 1269 tent

394 1275 695 1335 genoomen
727 1267 789 1327 ende
826 1261 960 1321 tie
1008 1254 1241 1314 maende
1294 1251 1433 1311 lang
1486 1256 1678 1316 teegen
1725 1263 1881 1323 herren
1923 1269 2078 1329 danck
2131 1274 2203 1334 bij
2245 1278 2354 1338 hem

390 1343 708 1403 gehouden
763 1332 912 1392 voor
957 1326 1021 1386 sijn
1072 1321 1141 1381 bij
1186 1317 1255 1377 sit
1296 1318 1399 1378 alle
1459 1323 1574 1383 doek
1619 1327 1683 1387 ende
1698 1329 1837 1389 noch
1887 1333 2031 1393 veel
2061 1339 2190 1399 meer
2226 1350 2433 1410 grouwel

382 1410 553 1470 Daden
586 1407 655 1467 die
707 1403 813 1463 ons
860 1397 994 1457 door
1055 1389 1106 1449 de
1148 1385 1278 1445 doot
1329 1388 1431 1448 van
1492 1393 1785 1453 seevanck
1836 1399 1882 1459 ende
1906 1404 2180 1464 coenraet
2222 1418 2300 1478 van
2329 1423 2444 1483 huijse

399 1473 689 1533 verborgen
725 1466 895 1526 blijven
931 1459 1001 1519 sijn
1042 1447 1302 1507 altsamen
1338 1446 1453 1506 door
1509 1453 1870 1513 vrijwillige
1941 1463 2352 1523 bekentenissen

391 1543 580 1603 vande
622 1534 884 1594 misdange
930 1528 986 1588 ende
1008 1522 1099 1582 ot
1141 1521 1413 1581 voerders
1455 1524 1634 1584 vande
1660 1527 1865 1587 moorden
1886 1521 1994 1581 daer
2035 1522 2101 1582 hij
2128 1525 2148 1585 t
2184 1539 2425 1599 mondelin

394 1607 479 1667 ge
524 1611 597 1671 ende
626 1602 988 1662 personelyck
1039 1586 1259 1646 teegen
1299 1592 1531 1652 belast
1577 1594 1967 1654 gesproocken
1990 1590 2046 1650 ende
2069 1592 2199 1652 haer
2239 1607 2425 1667 gedrvon

407 1681 506 1741 gen
550 1673 720 1733 heeft
770 1665 835 1725 te
886 1656 1006 1716 doen
1040 1657 1099 1717 ende
1133 1657 1237 1717 het
1276 1659 1566 1719 altsamen
1595 1666 1643 1726 in
1688 1669 1775 1729 sijn
1836 1672 2149 1732 presentie
2205 1681 2424 1741 beleeden

399 1743 626 1803 hebben
683 1732 835 1792 haer
897 1727 998 1787 siel
1039 1723 1104 1783 ende
1130 1719 1435 1779 salicheijt
1481 1724 1602 1784 daer
1644 1738 1810 1798 voer
1873 1737 2324 1797 verpandende

407 1823 488 1883 soo
511 1812 576 1872 hij
609 1803 713 1863 hem
769 1794 812 1854 in
851 1790 987 1850 ijets
1031 1785 1091 1845 te
1147 1787 1437 1847 onrecht
1492 1801 1946 1861 beschuldichde
1985 1804 2039 1864 ende
2062 1808 2138 1868 die
2177 1809 2286 1869 doot
2309 1811 2423 1871 daer

409 1880 466 1940 op
524 1874 596 1934 te
659 1863 909 1923 sterven
952 1851 1139 1911 gelijck
1187 1852 1228 1912 sij
1261 1855 1447 1915 gedaen
1500 1864 1683 1924 hebben
1715 1869 1819 1929 als
1851 1871 2048 1931 meede
2086 1871 2163 1931 wt
2206 1875 2299 1935 die

391 1946 604 2006 lange
651 1931 1045 1991 Examinatie
1087 1926 1133 1986 ende
1157 1928 1551 1988 bekentenisse
1616 1933 1732 1993 van
1784 1940 2103 2000 ferommus
2145 1947 2214 2007 die
2257 1947 2372 2007 voor

398 2010 518 2070 alle
584 2005 876 2065 menschen
914 1996 992 2056 int
1048 1993 1313 2053 publyck
1360 1993 1504 2053 naer
1556 1996 1694 2056 artse
1737 1998 1834 2058 hem
1909 2007 2048 2067 voor
2095 2013 2317 2073 geleesen
2341 2013 2387 2073 is

394 2074 683 2134 beleeden
733 2069 939 2129 heeft
978 2063 1141 2123 alles
1180 2058 1605 2118 waerachtich
1660 2060 1725 2120 te
1780 2073 2195 2133 synderhalven
2222 2083 2276 2143 om
2331 2083 2401 2143 dat

403 2145 618 2205 sulcke
673 2140 879 2200 nooyt
921 2130 1196 2190 gehoorde
1243 2129 1329 2189 oft
1357 2132 1375 2192 e
1426 2132 1793 2192 avonnable
1849 2136 2128 2196 misdaden
2170 2155 2344 2215 onder

387 2213 618 2273 mooren
657 2203 801 2263 ofte
836 2197 1091 2257 turcken
1125 2195 1250 2255 niet
1289 2195 1361 2255 en
1405 2198 1558 2258 soude
1603 2202 1853 2262 geleeden
1892 2202 2031 2262 ofte
2095 2212 2171 2272 ten
2196 2221 2407 2281 wtterfen

399 2282 803 2342 ongestraft
857 2276 909 2336 te
962 2274 1130 2334 laten
1167 2268 1409 2328 worden
1457 2267 1541 2327 ick
1589 2271 1740 2331 late
1794 2272 1957 2332 staen
1994 2274 2099 2334 van
2141 2288 2388 2348 cristene

401 2358 513 2418 dat
559 2351 936 2411 malcander
996 2343 1180 2403 sonder
1221 2336 1495 2396 wtterste
1550 2340 1756 2400 houger
1816 2335 1927 2395 ofte
1986 2335 2139 2395 dorst
2180 2344 2310 2404 noot

404 2432 626 2492 gelijck
662 2427 713 2487 sij
749 2422 880 2482 niet
926 2411 1135 2471 gehhadt
1176 2404 1251 2464 en
1303 2400 1505 2460 hebben
1551 2404 1627 2464 soo
1678 2403 1846 2463 soude
1897 2402 2287 2462 vermoorden
2334 2412 2399 2472 ende

407 2501 550 2561 noch
598 2493 850 2553 vorder
900 2481 1145 2541 gesocht
1194 2469 1392 2529 hebben
1434 2462 1501 2522 te
1563 2465 1665 2525 doen
1707 2463 1878 2523 maer
1919 2467 1973 2527 om
2029 2471 2137 2531 dat
2172 2470 2267 2530 het

400 2565 731 2625 blijcklijck
764 2562 802 2622 is
851 2554 943 2614 des
998 2543 1226 2603 duyvels
1259 2534 1302 2594 in
1335 2531 1558 2591 geeven
1602 2538 1673 2598 te
1722 2536 1803 2596 sijn
1869 2540 1983 2600 dat
2027 2542 2097 2602 soo
2130 2550 2342 2610 coringe

357 2632 749 2692 reesoluptie
812 2614 1142 2674 getrocken
1167 2602 1360 2662 hebben
1399 2601 1516 2661 het
1567 2604 1753 2664 getal
1804 2620 2133 2680 vanallent
2171 2643 2351 2703 voock

392 2714 439 2774 op
493 2706 551 2766 so
599 2700 741 2760 efte
795 2690 1038 2750 minder
1103 2691 1168 2751 te
1222 2691 1518 2751 maecken
1548 2694 1601 2754 ende
1619 2695 1731 2755 door
1785 2699 1915 2759 dien
1963 2709 2188 2769 middel
2230 2717 2324 2777 tot

391 2779 533 2839 haer
589 2765 1032 2825 voorgenomen
1098 2770 1383 2830 boosheijt
1430 2766 1485 2826 te
1526 2764 1745 2824 moogen
1786 2771 1953 2831 comen
1990 2777 2051 2837 ende
2072 2779 2127 2839 op
2168 2783 2259 2843 het
2290 2785 2422 2845 selve

388 2843 543 2903 niet
579 2844 845 2904 meerder
891 2842 1067 2902 schijn
1118 2841 1238 2901 ofte
1295 2841 1712 2901 authoriteijt
1753 2845 1802 2905 in
1849 2848 1909 2908 te
1960 2854 2191 2914 voeren
2222 2856 2412 2916 tegens

404 2914 513 2974 het
562 2915 787 2975 volck
843 2912 994 2972 nijs
1036 2909 1385 2969 gemaeckt
1441 2911 1619 2971 heeft
1668 2918 1776 2978 dat
1805 2924 1893 2984 hem
1956 2931 1997 2991 de
2032 2936 2394 2996 Commandeur

384 2979 644 3039 pelsaert
687 2978 884 3038 sulckx
954 2987 1205 3047 belast
1253 2983 1402 3043 hadde
1440 2987 1722 3047 ’twelck
1765 3001 1823 3061 hij
1872 3006 2133 3066 publijck
2176 3012 2319 3072 voor

395 3060 515 3120 alle
566 3047 880 3107 menschen
930 3049 1190 3109 ontkent
1224 3047 1422 3107 heeft
1467 3052 1527 3112 ende
1550 3057 1687 3117 noch
1738 3074 2097 3134 ontkennes
2141 3079 2345 3139 heeft

398 3127 499 3187 den
546 3124 938 3184 Commandeur
999 3123 1101 3183 hem
1173 3127 1305 3187 met
1336 3125 1474 3185 eens
1510 3131 2034 3191 aengesproocken
2071 3146 2192 3206 ofte
2239 3151 2360 3211 veel

395 3203 618 3263 minder
671 3204 999 3264 geweeten
1052 3204 1142 3264 dat
1185 3207 1247 3267 hij
1276 3208 1413 3268 met
1462 3211 1542 3271 die
1600 3216 1771 3276 boot
1833 3220 2033 3280 soude
2081 3225 2223 3285 goen
2248 3229 2419 3289 water

400 3285 717 3345 soecken
757 3278 915 3338 maer
970 3277 1068 3337 dat
1104 3277 1291 3337 davit
1341 3284 1469 3344 van
1519 3287 1846 3347 seevanck
1906 3292 2138 3352 sulckx
2193 3304 2331 3364 goet

325 3369 547 3429 vont
602 3369 652 3429 om
721 3364 864 3424 daer
925 3357 1048 3417 door
1108 3358 1216 3418 het
1257 3356 1454 3416 volck
1504 3355 1563 3415 te
1613 3361 1840 3421 beeter
1900 3365 1944 3425 in
1994 3369 2251 3429 devitie
2311 3386 2375 3446 te

383 3444 598 3504 houden
650 3445 722 3505 ende
779 3429 1148 3489 Jerommmils
1210 3428 1384 3488 divijt
1436 3426 1770 3486 spraecke
1832 3430 1914 3490 soo
1950 3428 2109 3488 heeft
2161 3439 2248 3499 den
2284 3444 2438 3504 Comme

352 3517 434 3577 Een
463 3510 559 3570 wij
594 3513 905 3573 ondergess.
920 3502 1140 3562 raets
1176 3498 1486 3558 persoonen
1535 3492 1736 3552 vanden
1771 3493 2034 3553 scheepe
2083 3495 2358 3555 sardorne

1884 3610 1961 3670 Op
2031 3607 2085 3667 de
2126 3602 2343 3662 saecke
