2992 4138
452 1827 486 1887 1
533 1824 665 1884 ber

2061 189 2160 249 44:

873 388 1035 448 Voor
1082 391 1193 451 een
1233 399 1376 459 kindt
1409 407 1533 467 ende
1566 414 1670 474 daer
1697 420 1820 480 voor
1860 426 1952 486 alle
1978 435 2082 495 tijdt
2129 439 2226 499 een
2273 447 2494 507 plaetse
2528 452 2618 512 beh¬

889 464 964 524 het
1009 464 1146 524 selve
1182 471 1422 531 Collegie
1463 479 1507 539 om
1565 488 1783 548 Iemant
1823 498 1916 558 uijt
1957 506 2090 566 haere
2121 517 2339 577 Naeme
2379 526 2428 586 op
2468 529 2508 589 de
2548 533 2610 593 ret

892 536 975 596 die
1013 541 1318 601 penningen
1361 551 1398 611 te
1440 555 1582 615 laten
1620 570 1913 630 studeren,
1943 578 2013 638 soo
2047 582 2131 642 dat
2169 587 2260 647 met
2302 597 2444 657 eens
2487 607 2624 667 soodat

900 610 1096 670 somme
1136 616 1175 676 te
1215 623 1396 683 geven,
1413 631 1474 691 dit
1509 640 1785 700 loffelijck
1831 650 1994 710 werck
2039 662 2197 722 altijt
2254 678 2299 738 in
2339 691 2546 751 standt

897 694 1093 754 konnen
1141 700 1328 760 blisven

890 788 1048 848 Hier
1092 787 1250 847 Mede
1287 798 1592 858 Crutteste
1636 814 1831 874 wijse,
1856 830 2216 890 voorsienige,
2235 846 2424 906 heeren
2467 858 2583 918 desen

887 857 1027 917 tende
1074 861 1292 921 biddende
1331 868 1403 928 den
1437 884 1822 944 Almachtigen
1865 902 2065 962 UEE.
2092 913 2253 973 Slaet
2284 924 2407 984 ende
2450 932 2578 992 Ver„

878 936 1029 996 voor
1070 938 1177 998 alle
1217 943 1378 1003 quaet
1419 954 1539 1014 ende
1579 966 1762 1026 onrust
1803 981 2039 1041 behoeden
2098 993 2289 1053 vE.E.
2321 1005 2584 1065 Negotien

894 1014 1315 1074 verbreijdinge
1359 1031 1432 1091 des
1481 1045 1634 1105 Rrijcx
1690 1055 1879 1115 GGodts
1929 1070 2222 1130 zeegenen.

859 1105 1073 1165 Vaert
1107 1106 1235 1166 wel
1283 1115 1516 1175 gegeven
1564 1122 1606 1182 in
1650 1126 1754 1186 onse
1793 1142 2140 1202 kerckelijcke
2169 1160 2459 1220 vergaderinge
2488 1172 2588 1232 tott

879 1183 1004 1243 Int
1035 1181 1384 1241 Coninckrijck
1422 1190 1511 1250 van
1564 1201 1772 1261 Jacatra
1817 1209 1935 1269 desen
1981 1221 2047 1281 20
2085 1238 2353 1298 Novemb.
2376 1243 2427 1303 Au
2473 1250 2561 1310 162

1676 1362 1769 1422 Wt
1823 1361 1939 1421 last
2016 1366 2116 1426 ende
2169 1372 2327 1432 aller
2404 1375 2574 1435 naeme

1586 1458 1763 1518 Debas
1794 1461 1971 1521 tianus
2019 1467 2374 1527 Banckaerts
2422 1463 2540 1523 St

1645 1518 1909 1578 Ecclesiao
1945 1518 2031 1578 ter

2306 1526 2553 1586 1629.

1871 1667 1972 1727 Roij
2017 1668 2144 1728 schba

1759 1701 1889 1761 1t

1673 1804 1947 1864 Justus
2009 1817 2284 1877 Heurmus

1705 1927 2062 1987 mant

1849 1968 2011 2028 Jemor
