2659 4000
425 209 573 269 Alsoo
606 215 890 275 Jeronimus
936 210 1195 270 Cornelisz
1228 210 1318 270 van
1357 212 1493 272 haerb
1545 215 1635 275 out
1675 216 1920 276 omtrent
1960 216 2017 276 30
2069 220 2263 280 Jaeren
2303 235 2541 295 apotee

386 269 480 329 ende
499 275 616 335 oude
673 275 837 335 Coopm
908 270 1142 330 geweest
1194 269 1245 329 op
1288 268 1311 328 t
1344 270 1772 330 eerongeluckte
1819 277 1941 337 schip
1988 279 2213 339 batavi„
2261 292 2354 352 hem
2411 302 2514 362 seer

375 339 622 399 grouwe
709 338 881 398 heeft
923 333 1069 393 verloop
1131 335 1196 395 ende
1227 330 1297 390 te
1354 333 1567 393 buijten
1618 333 1800 393 heeft
1841 333 2034 393 gegaen
2075 338 2130 398 Ja
2176 345 2272 405 hem
2323 349 2429 409 van
2465 362 2561 422 alle

388 410 898 470 menschelijckheijt
953 403 1257 463 ontbloodt
1302 400 1355 460 ende
1375 399 1463 459 als
1498 398 1541 458 in
1586 399 1678 459 een
1739 402 1900 462 tijger
1964 404 2066 464 dier
2126 413 2543 473 verongeluckt

388 481 547 541 was
609 475 707 535 hem
783 469 956 529 heeft
999 464 1173 524 laten
1220 466 1408 526 beweg
1480 464 1597 524 van
1649 465 1836 525 schipr
1879 469 2081 529 aruren
2133 478 2368 538 Jacops
2416 483 2523 543 van

388 549 747 609 durckendam
831 540 877 600 om
961 533 1142 593 tselve
1200 530 1335 590 schip
1392 524 1512 584 met
1554 525 1725 585 haere
1794 538 2188 598 complicie,
2199 546 2282 606 die
2350 548 2412 608 hij
2434 549 2511 609 all

391 626 574 686 reede
633 613 799 673 hadde
846 610 920 670 ende
938 607 1075 667 noch
1117 601 1266 661 soude
1324 592 1600 652 verwillicht
1658 592 1905 652 hebben,
1935 597 1992 657 af
2044 601 2084 661 te
2125 605 2234 665 loop
2275 609 2320 669 ende
2338 610 2453 670 alles
2488 612 2533 672 te

389 686 636 746 vermordt
679 682 746 742 soo
789 675 1142 735 commandeur
1195 666 1258 726 ende
1285 662 1447 722 andre
1511 659 1600 719 tot
1658 658 1773 718 op„
1795 658 1890 718 120
1975 668 2216 728 persoon,
2232 675 2348 735 ne
2411 686 2479 746 die

409 750 559 810 haer
610 745 710 805 mit
778 739 934 799 ofte
990 735 1269 795 dienstich
1314 730 1470 790 soude
1549 729 1833 789 geweest
1895 730 2085 790 hebben
2113 734 2291 794 waer
2342 740 2431 800 toe
2482 747 2542 807 Ie

399 818 667 878 rommus
720 809 823 869 aen
871 801 1040 861 allert
1103 799 1244 859 Jans
1287 795 1404 855 van
1447 800 1763 860 assendelft
1839 799 2197 859 bosschieter
2255 808 2438 868 meede

393 887 622 947 versocht
659 879 838 939 heeft
911 871 1018 931 tot
1054 867 1168 927 het
1198 859 1334 919 selve
1386 858 1521 918 feijt
1558 862 1622 922 ende
1652 863 1931 923 eijndelijck
1997 866 2097 926 toe
2156 879 2428 939 gestaen

437 948 605 1008 eeft
670 944 950 1004 volgens
997 938 1066 998 sijn
1113 927 1305 987 eijgen
1376 926 1783 986 bekentenisse

444 1058 626 1118 jaeren
680 1048 892 1108 booven
928 1046 1063 1106 naer
1117 1040 1222 1100 het
1276 1035 1541 1095 bleijven
1589 1039 1706 1099 van
1742 1037 1848 1097 het
1890 1037 2030 1097 schip
2078 1039 2148 1099 als
2179 1039 2255 1099 den
2326 1040 2538 1100 Comman

423 1123 689 1183 pelsaert
742 1117 808 1177 ende
832 1112 913 1172 den
961 1115 1117 1175 schip
1204 1106 1337 1166 met
1385 1103 1475 1163 den
1523 1103 1646 1163 boot
1685 1103 1937 1163 waeter
1981 1106 2133 1166 gaen
2171 1109 2380 1169 soecken
2400 1110 2542 1170 waren

381 1180 578 1240 naer
644 1175 988 1235 domliggend
1050 1165 1312 1225 eylanden
1354 1160 1394 1220 &nd
1435 1160 1465 1220 t
1496 1160 1682 1220 vaste
1744 1162 1905 1222 suijdt
1952 1165 2113 1225 landt
2159 1166 2432 1226 nochtans
2458 1171 2544 1231 met

389 1246 709 1306 mogelijck
765 1237 1055 1297 volgens
1100 1228 1155 1288 de
1196 1223 1602 1283 getuijgenisse
1668 1222 1777 1282 van
1818 1224 1918 1284 alle
1958 1230 2228 1290 menschen
2269 1231 2329 1291 die
2374 1234 2479 1294 daer
2505 1240 2549 1300 bij

399 1311 679 1371 geweest
747 1297 975 1357 hebben
1020 1291 1220 1351 eenich
1256 1294 1509 1354 waeter
1573 1300 1629 1360 te
1693 1300 1913 1360 vinden
1958 1301 2013 1361 al
2058 1303 2158 1363 hoe
2194 1303 2298 1363 wel
2323 1305 2550 1365 hetselve

369 1372 493 1432 tot
534 1369 588 1429 op
629 1366 679 1426 22
735 1362 840 1422 grad
896 1356 1121 1416 gesocht
1172 1353 1387 1413 hebben
1428 1359 1483 1419 ende
1508 1360 1613 1420 door
1669 1360 1874 1420 harige
1941 1360 2100 1420 dorst
2161 1364 2317 1424 noot
2382 1377 2557 1437 gedwon

403 1438 506 1498 gen
572 1433 670 1493 zyn
725 1426 1013 1486 geweest
1062 1419 1203 1479 naer
1264 1424 1465 1484 Indien
1531 1422 1595 1482 te
1645 1423 1824 1483 seilen
1879 1425 1949 1485 soo
1977 1426 2140 1486 heeft
2200 1436 2521 1496 ferommus

399 1508 568 1568 zijnde
629 1501 749 1561 hier
815 1493 990 1553 hooft
1040 1483 1180 1543 ende
1246 1487 1356 1547 dnr
1417 1485 1481 1545 op
1532 1480 1632 1540 het
1702 1485 1912 1545 eijlant
1953 1495 2123 1555 vant
2174 1503 2514 1563 volckwas

402 1575 587 1635 quade
650 1570 693 1630 ja
755 1562 1003 1622 duijnelse
1078 1548 1277 1608 behulp
1333 1545 1519 1605 middel
1594 1545 1829 1605 bedocht
1874 1549 1941 1609 ende
1960 1550 2040 1610 int
2097 1559 2320 1619 werck
2370 1562 2518 1622 laten

403 1641 631 1701 stellen
683 1632 785 1692 tot
842 1626 995 1686 sijnen
1061 1622 1214 1682 raet
1270 1620 1568 1680 neemende
1629 1613 1890 1673 persoonen
1928 1616 2044 1676 van
2095 1618 2174 1678 sijn
2235 1623 2472 1683 Humeur

399 1706 497 1766 als
545 1700 694 1760 davit
738 1694 861 1754 van
926 1688 1238 1748 Zeevanck
1303 1687 1371 1747 ende
1397 1683 1679 1743 coenraet
1722 1682 1833 1742 van
1889 1679 2073 1739 Huijsse
2142 1682 2214 1742 die
2257 1687 2394 1747 goet
2433 1685 2531 1745 ghe¬

382 1761 604 1821 vonden
652 1756 856 1816 hebben
904 1752 966 1812 al
1017 1748 1064 1808 de
1120 1745 1393 1805 menschen
1452 1744 1517 1804 te
1573 1742 1762 1802 laten
1817 1745 2142 1805 vermoorden
2186 1745 2324 1805 ofte
2387 1752 2470 1812 oms

395 1827 646 1887 brengen
707 1819 802 1879 tot
842 1820 945 1880 het
994 1815 1167 1875 getal
1224 1813 1350 1873 van
1402 1810 1506 1870 45:
1533 1804 1667 1864 ofte
1732 1803 1949 1863 minder
2006 1807 2075 1867 ende
2097 1808 2171 1868 sijn
2219 1810 2310 1870 die
2354 1812 2522 1872 eerste

395 1893 693 1953 geweest
752 1879 859 1939 Jan
929 1878 1271 1938 Corneelesen
1319 1870 1431 1930 van
1486 1861 1816 1921 aemspoort
1875 1873 2159 1933 soldaet„
2197 1883 2404 1943 Tomas
2432 1888 2543 1948 wens

374 1959 525 2019 van
580 1952 899 2012 Copenhage
978 1942 1288 2002 bootsgesel
1352 1941 1407 2001 ende
1440 1934 1723 1994 hendrick
1769 1927 1915 1987 Jans
1956 1935 2093 1995 van
2139 1946 2472 2006 oldenburch

413 2025 474 2085 die
531 2016 918 2076 stilswygens
961 2004 1077 2064 met
1127 1999 1251 2059 een
1307 2001 1459 2061 vlot
1501 1994 1757 2054 gesonden
1806 1989 2020 2049 wiert
2090 2002 2145 2062 om
2236 2014 2311 2074 te
2368 2019 2505 2079 hade

389 2087 794 2147 verdrincken
860 2071 1096 2131 ’twelck
1129 2068 1194 2128 soo
1242 2067 1497 2127 geschiet
1553 2063 1599 2123 is

391 2184 555 2244 Item
636 2183 696 2243 op
742 2178 816 2238 den
857 2177 881 2237 4
932 2176 1042 2236 Julij
1083 2168 1248 2228 heeft
1283 2166 1338 2226 hy
1379 2165 1443 2225 ende
1465 2164 1544 2224 den
1580 2162 1730 2222 raet
1775 2160 1925 2220 goet
1971 2155 2256 2215 gevonden
2292 2168 2512 2228 Ecbert

382 2259 531 2319 Toel
583 2253 704 2313 ofte
747 2243 1056 2303 warnaer
1113 2238 1295 2298 dirckx
1352 2231 1581 2291 timmerm
1652 2228 1778 2288 oude
1835 2225 2162 2285 pretecket
2200 2228 2289 2288 dat
2327 2232 2369 2292 sij
2397 2234 2523 2294 liede

411 2318 591 2378 hadde
653 2312 806 2372 wille
860 2312 982 2372 met
1022 2307 1128 2367 het
1168 2306 1484 2366 schuijtgin
1537 2301 1823 2361 doorgaen
1872 2298 1933 2358 te
1986 2298 2149 2358 laten
2220 2304 2417 2364 Capen

393 2385 513 2445 oft
562 2386 692 2446 doot
746 2378 929 2438 slaen
1007 2373 1277 2433 ’twelck
1335 2371 1480 2431 alsoo
1524 2371 1799 2431 geschiet
1843 2369 1895 2429 is

382 2485 516 2545 Item
587 2494 641 2554 op
691 2496 776 2556 den
802 2495 826 2555 5
881 2495 931 2555 do
981 2493 1166 2553 heeft
1216 2490 1280 2550 hij
1321 2491 1380 2551 ende
1400 2494 1485 2554 den
1536 2498 1680 2558 raet
1730 2504 1875 2564 goet
1920 2503 2199 2563 gevonden
2240 2508 2463 2568 datmen

361 2554 560 2614 Hans
601 2560 776 2620 radder
842 2557 964 2617 van
1001 2553 1193 2613 dansick
1234 2554 1360 2614 adel
1422 2557 1470 2617 ende
1515 2562 1707 2622 Jacob
1773 2569 2148 2629 groekewalt
2201 2573 2376 2633 opper

374 2625 755 2685 Trompetter
815 2622 928 2682 aen
968 2619 1067 2679 een
1107 2614 1309 2674 Eijlant
1359 2617 1497 2677 soude
1562 2627 1833 2687 brengen
1879 2630 1932 2690 ende
1953 2638 2219 2698 datmense
2270 2643 2403 2703 daer

396 2691 604 2751 handen
642 2693 697 2753 ende
725 2697 970 2757 voeten
1017 2691 1184 2751 soude
1250 2691 1440 2751 kinden
1496 2695 1551 2755 ende
1575 2695 1644 2755 soo
1677 2694 1718 2754 in
1774 2695 1872 2755 zee
1923 2704 2173 2764 draegen
2220 2709 2466 2769 twelck

385 2754 541 2814 naer
601 2761 890 2821 gecomen
934 2765 978 2825 is
1032 2762 1232 2822 sonder
1287 2765 1375 2825 dat
1425 2766 1478 2826 sij
1527 2762 1669 2822 eijts
1718 2760 1954 2820 misdaen
2023 2771 2228 2831 hebben

383 2846 522 2906 Item
588 2855 728 2915 alsoo
779 2856 868 2916 der
924 2853 1003 2913 een
1044 2849 1114 2909 pr
1144 2850 1229 2910 tije
1285 2858 1480 2918 Jonge
1530 2847 1760 2907 mannen
1791 2849 1846 2909 ende
1866 2851 2111 2911 vrouwen
2147 2855 2422 2915 omtrent
2473 2849 2512 2909 te

392 2918 616 2978 sterck
678 2921 731 2981 op
768 2922 788 2982 t
838 2922 1062 2982 Robben
1111 2921 1340 2981 eijlant
1394 2918 1540 2978 geset
1573 2912 1790 2972 waeren
1819 2915 1974 2975 heeft
2031 2914 2366 2974 Jerommus
2407 2915 2517 2975 met

398 2989 544 3049 sijnen
598 2990 740 3050 raet
785 2991 924 3051 goet
977 2991 1291 3051 gevonden
1340 2985 1626 3045 deselve
1684 2983 1744 3043 te
1786 2985 1965 3045 laten
2002 2985 2112 3045 doot
2161 2983 2308 3043 slaen
2337 2985 2385 3045 ende
2402 2982 2532 3042 wierd

388 3058 460 3118 op
499 3058 545 3118 15
622 3056 750 3116 Julij
801 3057 1073 3117 omtrent
1108 3055 1150 3115 18
1214 3056 1431 3116 Jonges
1466 3053 1589 3113 doot
1623 3049 1955 3109 geslaegen
1994 3053 2164 3113 waer
2219 3058 2364 3118 onder
2402 3057 2542 3117 ettelij

392 3124 653 3184 mannen
701 3121 931 3181 waeren
968 3122 1019 3182 ende
1048 3121 1100 3181 op
1141 3121 1221 3181 den
1262 3122 1322 3182 18
1374 3122 1418 3182 d„o
1464 3115 1644 3175 heeft
1697 3111 1753 3171 hij
1798 3115 2023 3175 belast
2080 3115 2289 3175 datmen
2330 3122 2378 3182 de
2406 3122 2522 3182 reft

375 3192 558 3252 waer
606 3192 773 3252 onder
829 3186 856 3246 4
900 3183 1178 3243 vrouwen
1218 3182 1461 3242 waeren
1505 3180 1711 3240 meede
1771 3183 1930 3243 soude
1982 3180 2093 3240 doot
2145 3179 2315 3239 slaen
2364 3182 2530 3242 twelc

382 3256 533 3316 oock
583 3252 661 3312 soo
696 3255 950 3315 geschiet
999 3249 1043 3309 is
1098 3247 1269 3307 maer
1333 3246 1650 3306 Corneeles
1695 3251 1862 3311 Jans
1906 3249 2018 3309 van
2063 3256 2214 3316 amst
2259 3259 2503 3319 assisten

377 3320 648 3380 marcus
697 3322 915 3382 Sijmons
957 3317 1069 3377 van
1117 3309 1359 3369 holsteijn
1413 3312 1661 3372 soldaet
1709 3320 1773 3380 ende
1797 3325 1850 3385 2:
1898 3323 2063 3383 boots
2087 3333 2329 3393 gesellen
2365 3336 2430 3396 die

388 3384 785 3444 waegenaers
825 3376 1109 3436 genaemt
1188 3374 1285 3434 zijn
1335 3379 1438 3439 het
1482 3383 1899 3443 ontvlucht

370 3488 531 3548 Item
598 3494 735 3554 alsoo
776 3488 978 3548 Pieter
1045 3487 1197 3547 Jans
1254 3483 1553 3543 provoost
1599 3486 1715 3546 met
1767 3490 1838 3550 sijn
1864 3499 2015 3559 vrou
2062 3502 2112 3562 ende
2133 3502 2275 3562 kint
2321 3505 2478 3565 Claes

389 3553 702 3613 Harmans
749 3548 871 3608 van
921 3557 1437 3617 maechdenburch
1480 3553 1613 3613 met
1660 3555 1716 3615 syn
1778 3562 1919 3622 vrou
1962 3569 2206 3629 glandia
2256 3573 2474 3633 vatois

385 3621 519 3681 met
555 3615 695 3675 haer
750 3607 885 3667 kint
926 3616 1261 3676 cristoffel
1326 3610 1486 3670 quist
1547 3610 1777 3670 seldaet
1828 3619 2092 3679 wonder
2208 3638 2408 3698 toel
