3042 4250
2224 348 2368 408 529

1263 455 1583 515 Notitie
1627 455 1748 515 van
1791 460 2161 520 gebergde
2204 461 2574 521 Contanten

1339 536 1466 596 ende
1513 536 1767 596 goederen
1808 537 1925 597 door
1962 539 2059 599 ons
2086 539 2249 599 lieden
2300 541 2366 601 In
2404 541 2484 601 het

1336 600 1549 660 wrack
1583 601 1719 661 vant
1760 609 2228 669 verongeluckte
2280 613 2514 673 Schip

1283 679 1616 739 Batana
1667 677 1708 737 in
1745 680 2070 740 verscheijde
2107 682 2299 742 reijsen
2327 686 2541 746 gevischt

1332 745 1461 805 ende
1503 747 1593 807 hier
1631 747 1725 807 opt
1763 747 1891 807 lant
1934 750 2197 810 gevonden
2229 755 2437 815 hebben,
2455 759 2524 819 die

1329 816 1537 876 geladen
1568 819 1669 879 sijn
1711 818 1794 878 int
1836 821 1998 881 Jacht
2030 823 2227 883 sardam
2297 826 2359 886 om
2429 829 2477 889 in

1323 889 1549 949 Indien
1584 891 1694 951 over
1738 888 1797 948 te
1828 891 2036 951 leveren
2071 892 2156 952 aen
2204 896 2306 956 Ed:
2332 897 2459 957 Heer

1305 956 1615 1016 Generael
1649 959 1765 1019 Jan
1803 959 2099 1019 Pietersen
2126 966 2300 1026 Coen
2344 968 2443 1028 als

1320 1022 1509 1082 volcht

608 1161 819 1221 Kisten
857 1156 973 1216 met
1000 1156 1164 1216 realen
1202 1159 1286 1219 als
1329 1159 1630 1219 Hollantse
1673 1159 1959 1219 daelders,
1975 1159 2033 1219 te
2076 1163 2345 1223 weten,

680 1250 735 1310 9.
776 1240 960 1300 kisten
989 1237 1072 1297 soo
1097 1234 1209 1294 met
1241 1235 1418 1295 realen
1450 1234 1530 1294 als
1574 1237 1895 1297 Hollantse
1924 1240 2180 1300 daelders,
2193 1244 2373 1304 waer
2406 1248 2545 1308 onder

761 1304 853 1364 een
891 1303 1009 1363 kist
1047 1301 1125 1361 No.
1155 1305 1269 1365 33:
1303 1306 1430 1366 daer
1478 1306 1526 1366 9.
1553 1306 1753 1366 sacken
1787 1307 2036 1367 ducaten
2073 1312 2199 1372 met
2244 1317 2345 1377 41.
2360 1318 2556 1378 sacken

747 1373 836 1433 soo
867 1366 1110 1426 dubbelde
1154 1370 1243 1430 als
1274 1370 1521 1430 enckelde
1560 1372 1820 1432 stuijvers
1851 1375 1897 1435 in
1928 1378 2063 1438 zijn,
2079 1380 2122 1440 om
2169 1381 2327 1441 datter
2358 1387 2524 1447 eenige

758 1434 939 1494 vande
975 1434 1188 1494 voorsz
1220 1435 1478 1495 stuijvers
1514 1437 1888 1497 wtgevallen
1923 1443 2038 1503 zijn

761 1515 892 1575 kist
928 1508 999 1568 die
1035 1511 1388 1571 ontstucken
1417 1511 1603 1571 sonder
1635 1513 1845 1573 decksel
1885 1517 2214 1577 opgevischt
2255 1519 2453 1579 hebben,
2465 1523 2516 1583 en

755 1581 842 1641 het
868 1580 984 1640 gelt
1007 1577 1113 1637 door
1152 1580 1236 1640 den
1268 1580 1416 1640 roest
1462 1581 1568 1641 heel
1597 1580 1726 1640 vast
1755 1584 1848 1644 aen
1884 1591 2271 1651 malcanderen
2304 1592 2506 1652 gecleet

753 1643 898 1703 was
934 1640 1130 1700 daerin
1180 1640 1444 1700 bevonden
1489 1644 1690 1704 hebbe,
1723 1647 1791 1707 te
1845 1649 2111 1709 weten.

760 1713 963 1773 5400.
986 1705 1381 1765 rijcxdaelders
1414 1705 1457 1765 in
1508 1707 1573 1767 27
1625 1711 1853 1771 sacken
1897 1714 2082 1774 getelt

827 1779 969 1839 400.
995 1773 1369 1833 rijcxdaelders
1415 1769 1463 1829 in
1557 1771 1589 1831 2
1644 1777 1938 1837 sackgens
1971 1777 2157 1837 getelt
2196 1777 2296 1837 van
2332 1780 2442 1840 gelt
2471 1779 2551 1839 dat

993 1838 1158 1898 alhier
1208 1835 1319 1895 opt
1356 1831 1596 1891 Eylant
1636 1834 1923 1894 gevonden
1973 1837 2098 1897 ende
2148 1842 2253 1902 het
2290 1847 2484 1907 volck

993 1894 1464 1954 affgenomen
1506 1891 1756 1951 hebben.

551 1980 594 2040 1.
612 1979 837 2039 Cassien
868 1975 985 2035 met
1024 1971 1315 2031 Juweelen
1350 1971 1545 2031 daerin
1585 1972 1649 2032 4.
1667 1971 1949 2031 doosgens
1989 1971 2101 2031 onse
2145 1972 2262 2032 H=r
2319 1973 2544 2033 Meesters

607 2047 670 2107 de
708 2040 917 2100 Compe
946 2035 1338 2095 toecomende
1389 2037 1765 2097 monterende

2121 2046 2479 2106 58671:15:

607 2105 771 2165 waer
804 2102 910 2162 van
951 2102 1046 2162 een
1086 2099 1280 2159 goude
1332 2099 1653 2159 ketentgen
1690 2102 1891 2162 gemis

616 2162 814 2222 wort,
833 2161 1121 2221 costende

2265 2169 2448 2229 70:9

2129 2267 2480 2327 56601:6:

594 2327 672 2387 In
704 2332 774 2392 dit
802 2332 931 2392 selve
963 2332 1190 2392 Cassien
1222 2329 1265 2389 is
1297 2332 1425 2392 mede
1473 2332 1555 2392 een
1587 2335 1806 2395 Juweel
1838 2340 2191 2400 toecomende
2234 2348 2461 2408 Caspar

597 2400 857 2460 boudaan
891 2394 1188 2454 Coopman
1230 2392 1315 2452 tot
1349 2397 1739 2457 Amsterdam,
1760 2399 1865 2459 dat
1903 2400 1947 2460 de
1996 2406 2074 2466 H=r
2133 2406 2266 2466 M=rs
2297 2414 2491 2474 inhare

576 2464 982 2524 vergaderinge
1022 2458 1140 2518 van
1183 2458 1571 2518 Seventhiene
1618 2463 1675 2523 op
1704 2464 1790 2524 den
1834 2464 1901 2524 27

1924 2463 1959 2523 en
1988 2470 2209 2530 october
2252 2479 2398 2539 1628
2449 2484 2520 2544 hem

582 2532 867 2592 vergunt
897 2529 1082 2589 hebben
1123 2526 1279 2586 mede
1316 2529 1431 2589 naer
1472 2531 1701 2591 Indien
1750 2532 1805 2592 te
1847 2535 2046 2595 mogen
2084 2544 2280 2604 senden
2325 2550 2388 2610 op
2425 2556 2514 2616 sijn

598 2601 832 2661 resico,
844 2599 957 2659 ende
994 2593 1166 2653 aldaer
1200 2592 1254 2652 te
1295 2595 1613 2655 vercopen,
1643 2598 1797 2658 mits
1830 2601 1928 2661 dat
1966 2604 2009 2664 de
2031 2609 2218 2669 Comp.e
2252 2618 2361 2678 van
2398 2622 2497 2682 het

559 2666 899 2726 procedido
951 2663 1057 2723 25.
1079 2663 1156 2723 p:r
1189 2661 1376 2721 Cento
1417 2661 1512 2721 sal
1556 2664 1868 2724 genieten.

554 2768 562 2828 1
614 2758 843 2818 Cassieu
877 2752 1047 2812 daerin
1078 2750 1166 2810 75.
1188 2745 1366 2805 marck
1405 2745 1605 2805 silvers
1644 2746 1928 2806 bestaende
1967 2750 2056 2810 int
2099 2757 2464 2817 navolgende

638 2830 692 2890 4.
720 2819 971 2879 Moorse
1016 2812 1486 2872 fruijtschotels

653 2884 721 2944 2.
758 2876 958 2936 cleijne
1001 2875 1372 2935 eetschotels

661 2940 716 3000 1.
740 2936 957 2996 Moors
999 2933 1229 2993 lampet
1274 2933 1474 2993 becken

738 3004 967 3064 pertije
1005 2998 1379 3058 gebroocken
1422 3004 1888 3064 zilverwerck:

594 3068 695 3128 In
726 3072 789 3132 dit
820 3072 1030 3132 Cassien
1060 3069 1101 3129 is
1128 3070 1271 3130 mede
1312 3073 1515 3133 vertije
1553 3077 1639 3137 soo
1669 3080 1838 3140 goude
1880 3080 1966 3140 als
2001 3084 2154 3144 silver
2203 3087 2380 3147 galon
2414 3092 2507 3152 en,

566 3135 1025 3195 passementen,
1042 3132 1190 3192 maer
1231 3132 1399 3192 meest
1442 3138 1630 3198 swart
1673 3141 1795 3201 ende
1833 3141 1947 3201 heel
1993 3147 2303 3207 bedorven.

535 3220 598 3280 3:
633 3213 897 3273 Vaetgens
923 3213 1285 3273 Conchenillie
1316 3214 1401 3274 No.
1423 3216 1542 3276 107:
1581 3219 1730 3279 108:
1760 3220 1917 3280 109:
1939 3219 2106 3279 waer
2145 3226 2264 3286 van
2311 3231 2409 3291 het

605 3278 857 3338 vaetgen
887 3278 970 3338 No.
995 3280 1119 3340 109.
1148 3278 1235 3338 een
1269 3279 1555 3339 weijnich
1593 3286 1692 3346 nat
1725 3287 1953 3347 geweest
1987 3292 2198 3352 heeft,
2224 3298 2468 3358 wegende

603 3344 723 3404 ijder
760 3343 873 3403 52.
894 3342 914 3402 l
979 3344 1274 3404 brabants
1312 3344 1606 3404 gewicht.

573 3427 840 3487 Cassen
877 3425 1239 3485 Inhoudende
1309 3424 1330 3484 t
1353 3425 1765 3485 naervolgende

640 3499 734 3559 13.
759 3494 996 3554 stucken
1029 3493 1185 3553 segge
1222 3493 1357 3553 halve
1398 3493 1631 3553 stucken
1669 3497 2095 3557 rootlaecken
2132 3499 2304 3559 meest
2329 3499 2538 3559 gevleckt

758 3560 884 3620 ende
925 3556 1233 3616 bedorven,
1267 3559 1417 3619 oock
1461 3559 1641 3619 eenige
1685 3565 1973 3625 stucken,
1997 3568 2127 3628 daer
2164 3573 2542 3633 affgesneden

774 3622 828 3682 is
868 3621 1136 3681 gewees

675 3702 731 3762 3.
758 3693 933 3753 stucx
975 3690 1156 3750 groen
1193 3693 1446 3753 Carsaij

682 3765 736 3825 1.
772 3759 962 3819 stuck
1004 3758 1203 3818 swart
1242 3759 1258 3819 d

694 3831 749 3891 1.
784 3827 988 3887 stuck
1038 3824 1227 3884 Heere
1257 3827 1371 3887 Zaij
