2659 4000
494 259 621 319 Op
665 261 743 321 die
787 264 1000 324 saecke
1068 258 1165 318 ten
1203 258 1495 318 hoochsten
1526 261 1709 321 gelet
1758 258 1886 318 naer
1930 264 2100 324 lange
2156 279 2558 339 exorminatie

460 332 541 392 ende
559 332 1037 392 onversoeckinge
1088 326 1136 386 de
1187 324 1368 384 selve
1424 329 1831 389 gedebateert
1881 336 1947 396 ende
1964 339 2355 399 overvoegen
2388 352 2432 412 om
2493 355 2542 415 den

458 403 668 463 toorne
714 401 887 461 godes
925 399 1039 459 van
1080 396 1227 456 onsen
1259 392 1401 452 halse
1452 392 1511 452 te
1557 402 1790 462 woeren
1827 403 1882 463 &nde
1910 401 1987 461 den
2034 401 2418 461 cristelycken
2437 409 2546 469 naen

474 470 591 530 van
633 470 832 530 sulcke
880 470 1056 530 nooijt
1103 464 1356 524 gehoorde
1415 469 1761 529 booswicht
1832 470 1890 530 te
1950 471 2208 531 suyveren
2244 473 2326 533 den
2368 485 2537 545 voors.

470 542 807 602 Jeromius
852 541 1154 601 Corneeles
1199 534 1320 594 van
1365 532 1599 592 haerlem
1663 534 2181 594 gesentemieert
2221 545 2426 605 gelijck
2461 556 2524 616 wij

471 611 568 671 hem
637 607 1077 667 sentencieeren
1112 605 1258 665 mits
1303 601 1488 661 deesen
1528 597 1743 657 datmen
1783 595 1894 655 hem
1983 601 2046 661 op
2096 606 2452 666 maendach

456 679 682 739 Sijnde
725 674 803 734 den
846 675 1077 735 eersten
1115 670 1256 730 octb
1300 670 1457 730 1639
1500 667 1636 727 alsoo
1679 669 1747 729 hij
1795 667 2217 727 versoeckt
2265 670 2475 730 gedoet

451 817 551 877 ter
602 817 876 877 plaetse
941 807 1077 867 daer
1128 807 1224 867 toe
1284 804 1494 864 bereijt
1559 804 1613 864 om
1683 804 2003 864 Justitie
2067 808 2126 868 te
2182 810 2543 870 excuteeren

462 892 522 952 om
594 884 797 944 aldaer
859 873 1057 933 eerst
1096 871 1178 931 sijn
1240 872 1421 932 beide
1477 868 1698 928 hangen
1748 876 2144 936 afgecapt
2206 879 2266 939 te
2305 886 2503 946 werden

439 959 525 1019 ende
549 951 674 1011 daer
722 948 856 1008 naer
900 945 1024 1005 met
1087 946 1140 1006 de
1174 949 1380 1009 voorde
1419 945 1520 1005 aen
1569 946 1669 1006 een
1713 945 1904 1005 galge
1958 951 2241 1011 gestraft
2280 959 2337 1019 te
2381 962 2514 1022 worden

457 1018 644 1078 datter
685 1016 748 1076 die
803 1017 916 1077 doot
961 1013 1114 1073 naer
1164 1016 1242 1076 sal
1292 1023 1539 1083 volgen
1594 1022 1722 1082 met
1772 1022 2147 1082 confiscatie
2222 1033 2335 1093 van
2385 1040 2508 1100 alle

457 1087 580 1147 sijne
645 1088 919 1148 goederen
963 1086 1114 1146 gelt
1152 1086 1297 1146 gout
1357 1091 1572 1151 sulver
1638 1094 1852 1154 maent
1896 1099 2112 1159 gelden
2155 1100 2203 1160 of
2241 1103 2300 1163 te
2344 1111 2532 1171 eenige

454 1160 821 1220 pretentien
865 1160 940 1220 die
1001 1155 1065 1215 hij
1098 1151 1293 1211 alhier
1358 1157 1412 1217 in
1473 1157 1661 1217 Indien
1694 1160 1846 1220 soude
1895 1166 2138 1226 moogen
2166 1171 2360 1231 hebben
2409 1177 2490 1237 ten

447 1244 767 1304 profijte
815 1229 1036 1289 vande
1089 1221 1369 1281 generale
1446 1227 1573 1287 oost
1627 1228 1807 1288 Indise
1860 1237 2292 1297 Comparinne
2357 1240 2467 1300 onse

467 1312 687 1372 heeren
734 1308 774 1368 M
920 1296 1083 1356 aldus
1130 1289 1346 1349 gedaen
1393 1294 1449 1354 ende
1475 1297 1922 1357 gearresteert
1984 1299 2092 1359 opt
2149 1302 2406 1362 eijlant

470 1377 822 1437 batavias
877 1371 1208 1431 Cerckhof
1275 1368 1456 1428 deesen
1501 1368 1578 1428 28
1644 1365 2003 1425 september
2053 1371 2140 1431 ao.
2163 1379 2344 1439 1629

512 1552 692 1612 Alsoo
734 1547 852 1607 Jan
894 1545 1199 1605 Hendrickx
1255 1539 1365 1599 van
1408 1537 1622 1597 bremen
1671 1538 1899 1598 soldaet
1928 1547 2031 1607 out
2067 1554 2309 1614 omtrent
2337 1560 2385 1620 24
2421 1562 2545 1622 Jurs

478 1623 634 1683 seert
653 1620 1013 1680 grouwwelijck
1049 1622 1107 1682 ende
1131 1618 1194 1678 of
1241 1609 1602 1669 schrickelijck
1656 1604 1707 1664 om
1766 1608 2004 1668 schrijven
2040 1615 2278 1675 volgens
2308 1622 2377 1682 sijn
2407 1627 2517 1687 eyge

474 1692 895 1752 bekentenisse
951 1694 1062 1754 door
1117 1688 1514 1748 examinatie
1575 1682 1846 1742 bebeeden
1877 1679 1957 1739 soo
1993 1679 2133 1739 naer
2184 1680 2208 1740 t
2244 1687 2425 1747 blijven
2450 1692 2535 1752 vorn

467 1759 493 1819 t
534 1758 692 1818 schip
746 1757 1026 1817 batavia
1081 1757 1180 1817 als
1221 1759 1333 1819 hier
1384 1759 1451 1819 op
1496 1753 1551 1813 de
1601 1751 1894 1811 eijlarden
1949 1747 2219 1807 omtrent
2265 1757 2368 1817 het
2401 1762 2544 1822 vrach

442 1828 740 1888 geleeft
779 1830 832 1890 end
876 1831 972 1891 hem
1040 1828 1565 1888 gecomporteert
1623 1824 1806 1884 heeft
1864 1816 2187 1876 eerstelijck
2235 1827 2312 1887 soo
2337 1834 2534 1894 wanneer

472 1911 587 1971 het
635 1905 766 1965 schip
820 1906 1166 1966 gebleeven
1204 1903 1366 1963 was
1409 1897 1499 1957 des
1541 1895 1762 1955 nachts
1799 1897 2062 1957 neevens
2115 1895 2188 1955 sijn
2231 1905 2499 1965 Complicu

447 1973 662 2033 groote
712 1974 987 2034 moetiil
1032 1971 1162 2031 met
1197 1967 1397 2027 kisten
1437 1963 1627 2023 helpen
1667 1965 1946 2025 opslaen
1982 1967 2046 2027 ende
2082 1966 2386 2026 plunderen
2417 1986 2501 2046 be

460 2040 736 2100 dreeven
780 2045 971 2105 heeft
1015 2037 1118 2097 als
1149 2033 1330 2093 meede
1374 2029 1477 2089 dat
1526 2028 1638 2088 hem
1721 2030 1850 2090 door
1920 2031 2292 2091 Jerommus
2340 2044 2483 2104 Corne

471 2111 752 2171 neevens
780 2114 1000 2174 andere
1051 2107 1259 2167 quaet
1293 2103 1569 2163 willijge
1624 2103 1905 2163 menschen
1962 2104 2138 2164 heeft
2177 2113 2315 2173 laten
2337 2122 2513 2182 bewees

455 2181 567 2241 tot
626 2188 899 2248 verseijde
934 2185 1178 2245 moorden
1222 2182 1329 2242 als
1369 2183 1622 2243 volcht

461 2338 816 2398 Eerstelijck
865 2337 1053 2397 heeft
1110 2334 1200 2394 Jan
1242 2333 1570 2393 hendrickx
1626 2339 1688 2399 op
1745 2339 1911 2399 twee
1954 2344 2190 2404 dieverse
2226 2355 2462 2415 daegen

465 2411 638 2471 twee
684 2412 976 2472 menschen
1013 2410 1427 2470 omgebracht
1474 2410 1537 2470 te
1578 2412 1797 2472 weeten
1825 2411 2043 2471 anneken
2076 2419 2308 2479 heydens
2345 2426 2468 2486 huijs

452 2487 705 2547 vrouwe
782 2485 904 2545 van
961 2482 1111 2542 hans
1168 2484 1417 2544 hardens
1455 2485 1809 2545 verworcht
1861 2486 1922 2546 ende
1955 2488 2190 2548 hilleken
2229 2502 2459 2562 herdens

475 2560 593 2620 out
642 2560 663 2620 6
745 2559 922 2619 Jaren
961 2559 1009 2619 de
1101 2556 1354 2616 dochter
1414 2554 1527 2614 van
1582 2560 1727 2620 Hans
1787 2563 2078 2623 hardensz
2117 2573 2305 2633 voorsz.
2327 2575 2435 2635 doot

463 2622 842 2682 geslaegen

458 2759 627 2819 Item
689 2762 890 2822 heeft
937 2765 998 2825 hij
1040 2765 1101 2825 op
1142 2765 1173 2825 t
1214 2762 1451 2822 eijlant
1493 2762 1569 2822 den
1601 2764 1657 2824 15
1725 2768 1842 2828 Julij
1869 2764 1955 2824 als
1987 2762 2275 2822 omtrent
2301 2768 2480 2828 achsijn

478 2835 816 2895 menschen
883 2834 973 2894 soo
1007 2833 1250 2893 mannen
1274 2831 1379 2891 als
1432 2833 1646 2893 Jonges
1680 2839 1985 2899 vermoort
2024 2838 2262 2898 wierden
2291 2845 2490 2905 daervan

469 2906 1019 2966 dootgeslaegen
1070 2900 1129 2960 te
1180 2903 1399 2963 weeten
1430 2908 1450 2968 5
1525 2909 1765 2969 Jonges
1801 2912 1850 2972 ende
1876 2912 1890 2972 2
1931 2912 2166 2972 mannen
2227 2915 2411 2975 maer

465 2972 556 3032 die
623 2974 885 3034 naemen
948 2972 1063 3032 hem
1135 2977 1475 3037 onbekent

440 3111 615 3171 Item
676 3114 852 3174 heeft
895 3121 961 3181 hij
992 3125 1046 3185 op
1083 3128 1174 3188 den
1217 3135 1271 3195 12
1327 3139 1471 3199 Julij
1496 3139 1599 3199 als
1642 3141 1757 3201 door
1813 3141 1945 3201 last
1995 3138 2110 3198 van
2165 3142 2486 3202 Jeronims

468 3190 738 3250 present
786 3194 927 3254 sijnde
987 3203 1275 3263 leendert
1335 3212 1682 3272 michielsen,
1701 3208 1836 3268 eenen
1872 3209 1995 3269 bosse
2025 3217 2243 3277 genamt
2279 3227 2485 3287 passchijr

455 3273 699 3333 vanden
738 3278 933 3338 Enden
973 3279 1046 3339 den
1081 3278 1202 3338 hals
1237 3276 1339 3336 aff
1403 3281 1696 3341 gesneeden
1721 3282 1818 3342 als
1853 3290 2033 3350 meede
2083 3295 2141 3355 op
2200 3306 2409 3366 Jacop

467 3354 810 3414 hendrickx
866 3357 1218 3417 timmerman
1269 3347 1403 3407 vier
1463 3350 1687 3410 messen
1732 3350 1786 3410 op
1842 3355 1931 3415 sijn
1981 3362 2080 3422 lijf
2155 3369 2200 3429 in
2230 3382 2473 3442 stucken

456 3424 524 3484 te
577 3425 802 3485 weeten
855 3426 991 3486 twe
1044 3426 1101 3486 op
1154 3422 1233 3482 sijn
1280 3419 1427 3479 keel
1475 3422 1548 3482 ende
1580 3419 1753 3479 twee
1817 3420 1884 3480 op
1948 3425 2026 3485 sijn
2105 3435 2283 3495 borst
2357 3454 2467 3514 ende

446 3492 780 3552 eijndelijck
834 3496 950 3556 met
999 3494 1101 3554 een
1151 3494 1356 3554 stuck
1419 3494 1538 3554 van
1579 3496 1690 3556 ven
1735 3497 1873 3557 mes
1936 3501 2047 3561 den
2101 3506 2346 3566 strodt
2404 3512 2462 3572 af

471 3562 808 3622 gesneeden
