3047 4116
2164 255 2251 315 11

1802 339 1848 399 #

1631 440 1807 500 Dach
1834 438 2348 498 aanteijkeningh
2395 442 2447 502 op
2474 446 2614 506 mijn
2651 452 2827 512 weder

1668 513 1808 573 reijs
1845 510 2014 570 naar
2055 508 2175 568 het
2224 506 2276 566 3
2301 509 2655 569 uijdtlandt,
2680 522 2840 582 gesond

1677 580 1874 640 vande
1930 577 2064 637 Ed:
2088 578 2167 638 Hr
2203 578 2376 638 Gull
2420 585 2523 645 Jan
2559 588 2819 648 pieterser

1684 654 1847 714 Coen,
1867 649 1993 709 met
2027 650 2135 710 het
2176 652 2363 712 Jacht
2408 655 2717 715 Sarhar,
2732 658 2777 718 om

1665 736 1749 796 de
1786 727 2368 787 menschenvanous
2409 730 2802 790 verongeliite

1704 804 1890 864 Schip
1928 806 2192 866 Batania
2238 800 2284 860 op
2318 798 2367 858 te
2405 798 2619 858 3oecken,
2641 802 2768 862 ende

1685 881 1850 941 mede
1894 881 1934 941 te
1978 879 2274 939 brengen,
2287 873 2408 933 met
2452 872 2552 932 alle
2589 873 2645 933 de
2689 873 2810 933 con„

1684 956 1959 1016 tanten,
1974 947 2100 1007 ende
2146 949 2451 1009 goederen,
2474 947 2544 1007 die
2582 947 2839 1007 mogelijck

1668 1032 1880 1092 zullen
1921 1025 2113 1085 zijnte
2164 1016 2548 1076 visschen,
2574 1021 2706 1081 ende
2752 1019 2817 1079 sijn

1678 1100 1766 1160 wij
1795 1102 1968 1162 inden
2013 1094 2195 1154 name
2252 1093 2482 1153 Godes

1204 1240 1447 1300 fullius
1498 1233 1597 1293 des
1636 1235 1973 1295 Morgens
2017 1227 2148 1287 met
2186 1224 2279 1284 den
2330 1225 2736 1285 landelijcken

834 1259 967 1319 dij
1013 1252 1069 1312 15

2099 1306 2209 1366 des
2243 1303 2763 1363 achtermiddags

1102 1324 1289 1384 windt
1340 1318 1555 1378 t'zeijl
1597 1311 1918 1371 gegaan.—

1095 1399 1356 1459 ontrent
1417 1392 1526 1452 het
1568 1386 1848 1446 miusch
1894 1377 2102 1437 eeters
2140 1375 2393 1435 eijlandt
2447 1370 2727 1430 gemoeten
2750 1368 2761 1428 e

1110 1484 1229 1544 het
1265 1475 1446 1535 Schip
1495 1472 1769 1532 Leijder,
1801 1457 2022 1517 d'welck
2071 1455 2159 1515 den
2191 1455 2217 1515 8
2257 1451 2425 1511 Maij
2457 1444 2549 1504 Ao.
2576 1450 2784 1510 1628,

1106 1560 1210 1620 uyt
1247 1558 1362 1618 het
1394 1551 1755 1611 vaderlandt
1777 1533 2007 1593 geseijlt
2050 1531 2191 1591 was,
2223 1530 2280 1590 In
2317 1527 2547 1587 comp:e
2574 1527 2725 1587 vant’
2736 1529 2804 1589 sch:

1113 1637 1404 1697 t'wapen
1437 1633 1541 1693 van
1591 1626 1978 1686 Erchuijsen,
1999 1613 2086 1673 dat
2128 1610 2219 1670 den
2261 1607 2327 1667 12
2374 1602 2577 1662 octob:r
2595 1607 2806 1667 passado

1112 1715 1370 1775 ontrent
1413 1713 1464 1773 de
1520 1712 1719 1772 sierra
1778 1706 1970 1766 sioras
2025 1691 2451 1751 opgesprongen
2487 1682 2632 1742 was,
2652 1684 2765 1744 ende

1093 1794 1264 1854 maar
1306 1789 1377 1849 57
1427 1787 1732 1847 persoonen,
1749 1782 1862 1842 door
1900 1777 1920 1837 t
1962 1773 2116 1833 schip
2163 1771 2388 1831 Leijder
2439 1760 2572 1820 daar
2598 1756 2693 1816 van
2744 1754 2831 1814 ge„

1101 1876 1304 1936 bergt,
1345 1871 1437 1931 tot
1473 1867 1741 1927 dientijt
1794 1855 2089 1915 haddense
2146 1852 2266 1912 over
2306 1848 2358 1908 de
2414 1843 2554 1903 170.
2575 1837 2754 1897 dooden

1095 1953 1380 2013 gehadt,
1408 1944 1584 2004 maar
1633 1941 1738 2001 het
1774 1929 2172 1989 resterende
2225 1924 2413 1984 volck,
2446 1920 2550 1980 was
2579 1920 2819 1980 tomelijck

1096 2036 1349 2096 kloeck,
1389 2025 1542 2085 alsoo
1578 2019 1650 2079 zij
1679 2019 1787 2079 een
1824 2011 2049 2071 maandt
2090 2005 2190 2065 aan
2235 2004 2476 2064 telebar
2533 2002 2576 2062 op
2621 2004 2757 2064 Sum„

2029 2082 2143 2142 des
2183 2082 2392 2142 avonts
2431 2079 2612 2139 zagen
2656 2080 2770 2140 met

1089 2106 1491 2166 Gerverscht
1534 2094 1784 2154 hadden,

1116 2191 1136 2251 t
1189 2185 1387 2245 Schip
1430 2183 1476 2243 de
1534 2179 1727 2239 Beets
1780 2171 1862 2231 oft
1889 2165 2077 2225 Wigge
2119 2162 2218 2222 van
2276 2159 2500 2219 Hoorn,
2533 2160 2631 2220 dat
2679 2158 2735 2218 In

1125 2269 1370 2329 vloote,
1390 2261 1596 2321 vanden
1640 2252 1807 2312 Ed:
1847 2252 1939 2312 Hr
1989 2251 2205 2311 Jaques
2239 2249 2410 2309 Specr
2450 2241 2725 2301 uytgeseijlt
2750 2232 2832 2292 was

846 2377 963 2437 adij
1010 2362 1230 2422 16d=.
1254 2355 1376 2415 was
1419 2352 1517 2412 het
1550 2345 2024 2405 meeststill
2095 2336 2194 2396 300
2232 2332 2330 2392 dat
2363 2327 2452 2387 wij
2490 2327 2602 2387 met
2636 2327 2659 2387 3
2687 2326 2771 2386 eijl

1105 2432 1392 2492 weijnich
1423 2428 1834 2488 avanceerden,
1860 2418 2054 2478 Maar
2092 2410 2305 2470 dreven
2365 2401 2544 2461 hardt,
2563 2400 2607 2460 de
2657 2396 2768 2456 Cti

1106 2515 1213 2575 uijt
1272 2507 1356 2567 des
1397 2500 1602 2560 avonts
1639 2497 1826 2557 zagen
1867 2488 1951 2548 wij
1992 2486 2041 2546 de
2099 2479 2318 2539 prince
2385 2467 2662 2527 Eijlanden

1112 2637 1132 2697 d
1261 2611 1360 2671 des
1405 2603 1737 2663 Morgens,
1768 2588 1985 2648 hadden
2021 2578 2194 2638 wijde
2244 2572 2472 2632 prince
2527 2565 2765 2625 Eijlande

834 2647 965 2707 adij
1012 2645 1063 2705 17

1117 2687 1333 2747 O.N.O.
1362 2680 1457 2740 van
1502 2675 1626 2735 ons,
1657 2667 1760 2727 het
1791 2661 1908 2721 was
1956 2658 2059 2718 den
2101 2655 2307 2715 seelen
2349 2645 2558 2705 nacht
2600 2639 2750 2699 mees

1162 2763 1280 2823 til
1323 2751 1637 2811 geweest,
1657 2741 1748 2801 dan
1775 2732 1894 2792 voor
1929 2725 2139 2785 zonnen
2178 2717 2457 2777 opganck,
2485 2711 2722 2771 begonde
2761 2712 2837 2772 het

1115 2834 1221 2894 uyt
1260 2832 1336 2892 den
1378 2824 1504 2884 Z.O.
1535 2818 1580 2878 op
1618 2815 1667 2875 te
1707 2805 1870 2865 koelen
1927 2792 2316 2852 onsencours
2370 2783 2618 2843 Z:Z:W.
2649 2780 2789 2840 tegen

1114 2912 1214 2972 den
1244 2899 1512 2959 middagh
1551 2887 1718 2947 liepet
1760 2876 2209 2936 eenenstreeck
2247 2865 2650 2925 oostelijcker,
2680 2862 2776 2922 sood
2831 2858 2926 2918 got

1115 2982 1203 3042 wij
1236 2975 1426 3035 maar
1475 2970 1539 3030 Z.
1576 2965 1676 3025 ten
1718 2957 1985 3017 Westen
2026 2947 2235 3007 zeijlen
2285 2943 2446 3003 konde
2531 2940 2822 3000 gisten

1253 3054 1450 3114 mijlen
1496 3043 1731 3103 geseijlt
1770 3036 1814 3096 te
1853 3030 2101 3090 hebben,
2133 3025 2260 3085 ende
2306 3019 2483 3079 Z.W:
2510 3017 2598 3077 ten
2637 3013 2815 3073 suyden

1123 3129 1484 3189 behouden.

831 3232 922 3292 adi
974 3224 1042 3284 18
1094 3211 1236 3271 d=o.
1271 3204 1368 3264 des
1403 3194 1694 3254 middags
1740 3180 1969 3240 hoogte
2021 3177 2237 3237 gehadt
2272 3174 2381 3234 van
2421 3174 2449 3234 8
2496 3175 2678 3235 graden
2719 3176 2798 3236 25

1124 3279 1381 3339 minuten
1438 3267 1799 3327 zuijdelycke
1847 3252 2099 3312 breede,
2148 3249 2252 3309 den
2296 3244 2470 3304 windt
2531 3242 2661 3302 2:O:
2692 3236 2831 3296 coerd

1141 3360 1395 3420 Z:Z.W.
1428 3344 1646 3404 gisten
1693 3330 1915 3390 geseijlt
1962 3325 2017 3385 te
2069 3322 2268 3382 hebben
2319 3320 2388 3380 25
2440 3310 2606 3370 mijlen,
2635 3313 2806 3373 Z.W.

1138 3431 1247 3491 ten
1302 3425 1525 3485 zuijden
1570 3414 1851 3474 behouden

840 3535 943 3595 adij
982 3527 1211 3587 198=.
1239 3518 1337 3578 des
1375 3508 1642 3568 middags
1687 3492 1910 3552 hoogte
1971 3486 2189 3546 gehadt
2250 3483 2353 3543 van
2414 3479 2435 3539 9
2490 3479 2681 3539 graden
2714 3483 2796 3543 56

1161 3593 1435 3653 minuten
1486 3582 1811 3642 demoindt
1852 3568 2010 3628 Z:O.
2061 3562 2249 3622 codrs
2300 3559 2371 3619 2:
2407 3557 2473 3617 Z:
2509 3560 2697 3620 West
2743 3559 2829 3619 gest

1150 3668 1381 3728 geseijlt
1421 3666 1459 3726 te
1503 3662 1657 3722 hebben
1687 3655 1769 3715 24
1803 3644 1957 3704 mijlen
2002 3634 2277 3694 Z:W:112.
2297 3630 2533 3690 behouden

2512 3826 2594 3886 adij
