2625 3980
452 266 640 326 Item
709 262 905 322 heeft
939 264 1007 324 hij
1048 265 1156 325 Jan
1190 267 1481 327 Hendrickx
1543 263 1603 323 op
1645 258 1732 318 den
1773 261 1827 321 14
1875 261 2009 321 ditto
2044 267 2321 327 neevens

442 347 722 407 sleenert
772 338 1057 398 michiels
1102 338 1222 398 door
1267 338 1462 398 ordere
1518 332 1652 392 ofte
1703 329 1902 389 weete
1953 334 2077 394 van
2118 336 2442 396 gerommus

411 422 556 482 den
591 416 888 476 assistent
942 407 1209 467 andries
1249 406 1321 466 die
1385 406 1579 466 vries
1614 404 1697 464 int
1731 404 1950 464 water
1994 411 2116 471 alsoo
2146 418 2203 478 hij
2233 420 2252 480 ’t
2287 422 2476 482 meende

441 487 863 547 tontloopen
896 482 1003 542 doot
1046 479 1375 539 geslaegen
1408 475 1464 535 ende
1483 479 1678 539 wieet
1729 480 1891 540 haer
1934 485 2059 545 door
2116 491 2459 551 gerommus

457 556 774 616 daertoe
835 552 997 612 elck
1045 550 1147 610 een
1183 550 1357 610 sabel
1406 544 1525 604 ut
1580 547 1663 607 sijn
1718 553 1886 613 tent
1923 559 2234 619 gegeeven

442 684 617 744 Item
692 689 742 749 op
772 687 852 747 den
897 684 925 744 6
970 682 1255 742 augustij
1286 679 1475 739 heeft
1535 687 1849 747 Jerominus
1894 703 2194 763 Corneelis
2239 714 2355 774 aen

468 766 591 826 Jan
637 763 907 823 hendrickx
964 753 1171 813 belast
1223 752 1318 812 dat
1353 751 1414 811 hij
1454 752 1594 812 soude
1634 757 1780 817 gaen
1826 761 1876 821 ende
1899 770 2180 830 steecken
2203 773 2389 833 stoffel

460 831 712 891 stoffels
756 828 880 888 van
928 819 1109 879 amet
1172 819 1554 879 timmerman
1621 831 1698 891 die
1755 834 1936 894 stont
1985 839 2037 899 en
2085 843 2386 903 arrebeyde

459 901 638 961 thart
681 892 741 952 oof
808 888 867 948 ende
886 886 976 946 hem
1037 886 1157 946 daer
1212 889 1301 949 toe
1357 892 1452 952 een
1513 898 1826 958 pouijaert
1875 912 2218 972 gegeeven
2261 919 2471 979 twelck

471 972 533 1032 hij
567 963 777 1023 gedaen
835 957 1046 1017 heeftt

655 1004 822 1064 1

458 1093 632 1153 Item
715 1087 776 1147 op
821 1084 901 1144 den
946 1086 1008 1146 21
1071 1084 1208 1144 Julij
1246 1084 1421 1144 heeft
1465 1089 1583 1149 Jan
1641 1107 2128 1167 hendrickxals
2166 1109 2247 1169 die
2291 1115 2466 1175 preedi

467 1158 669 1218 cants
716 1156 1007 1216 huijsgesin
1055 1153 1371 1213 vermooct
1429 1162 1596 1222 wijrt
1638 1174 1939 1234 wijbrecht
1976 1179 2126 1239 Claes
2163 1181 2334 1241 Jonise
2376 1185 2464 1245 doch

473 1230 585 1290 ter
634 1227 752 1287 door
801 1225 1059 1285 stoecken
1086 1222 1177 1282 als
1221 1224 1398 1284 meede
1441 1231 1501 1291 op
1555 1233 1640 1293 den
1684 1240 1904 1300 selven
1926 1242 2114 1302 nacht
2174 1255 2448 1315 hendrick

467 1299 643 1359 deuijs
672 1293 1008 1353 assistent
1046 1292 1166 1352 met
1213 1289 1316 1349 een
1354 1295 1521 1355 dissel
1569 1297 1661 1357 den
1718 1309 1885 1369 Copan
1942 1322 2295 1382 geslaegen

468 1432 616 1492 Item
691 1435 892 1495 heeft
938 1430 1138 1490 meede
1184 1425 1272 1485 int
1318 1426 1631 1486 afloopen
1692 1430 1869 1490 vant
1908 1450 2355 1510 eerstcomende
2386 1473 2504 1533 Jacse

460 1507 664 1567 datter
741 1502 886 1562 soude
922 1498 1132 1558 comen
1179 1496 1231 1556 om
1307 1496 1447 1556 haer
1500 1499 1564 1559 te
1612 1508 1885 1568 verlossen
1933 1527 2377 1587 geconsenteert
2412 1533 2452 1593 ende

486 1576 588 1636 toe
637 1571 890 1631 gestaen
932 1568 1083 1628 haer
1125 1569 1461 1629 voorneemen
1510 1569 1646 1629 sijnde
1688 1579 1852 1639 alles
1894 1586 1963 1646 te
2019 1606 2388 1666 vermoerden

480 1645 529 1705 op
585 1643 815 1703 weijnige
865 1638 998 1698 naer
1041 1636 1124 1696 die
1181 1634 1222 1694 sy
1272 1636 1362 1696 tot
1398 1636 1440 1696 de
1475 1639 1768 1699 selvaert
1825 1653 1908 1713 von
1966 1662 2140 1722 noode
2176 1672 2364 1732 hadden

457 1755 614 1815 Item
677 1756 848 1816 heeft
904 1749 1055 1809 susije
1104 1746 1392 1806 Fredrickx
1434 1752 1688 1812 getroude
1744 1762 1991 1822 vrouwe
2061 1769 2205 1829 twee
2226 1776 2445 1836 maenden

473 1816 635 1876 voor
704 1816 776 1876 sijn
828 1810 890 1870 bij
935 1810 1324 1870 sitgehouden
1370 1806 1431 1866 ende
1460 1809 1792 1869 vleeselijck
1839 1820 2080 1880 bekent
2132 1835 2233 1895 alle
2262 1840 2453 1900 welcke

453 1878 910 1938 grouwelijcke
969 1877 1220 1937 moorden
1274 1869 1401 1929 daer
1451 1869 1510 1929 hij
1545 1869 1632 1929 hem
1692 1877 1800 1937 seer
1844 1884 1986 1944 goet
2026 1898 2222 1958 willich
2257 1905 2296 1965 in
2326 1907 2463 1967 heeft

453 1947 660 2007 laten
700 1947 1026 2007 gebruijcken
1061 1941 1159 2001 als
1204 1937 1386 1997 meede
1416 1940 1549 2000 noch
1604 1948 1722 2008 van
1777 1952 1929 2012 sunne
1999 1962 2147 2022 sijnde
2192 1967 2246 2027 te
2291 1970 2394 2030 doen

471 2016 642 2076 hirdde
699 2015 795 2075 het
829 2016 914 2076 den
953 2014 1353 2074 almogenden
1392 2014 1516 2074 godt
1554 2022 1687 2082 net
1721 2029 1907 2089 belet
1951 2034 2041 2094 den
2075 2039 2222 2099 moet
2251 2040 2341 2100 wil
2375 2038 2418 2098 op

480 2088 588 2148 het
631 2084 755 2144 schip
802 2084 1123 2144 bedreeven
1150 2081 1325 2141 alhier
1378 2083 1424 2143 de
1461 2088 1746 2148 vrouwen
1788 2095 1870 2155 ter
1913 2101 2120 2161 schande
2156 2110 2462 2170 gemareckt

478 2165 612 2225 niet
658 2158 779 2218 meer
812 2159 1017 2219 andere
1070 2154 1359 2214 misdaden
1405 2154 1841 2214 apprentelijck
1894 2173 2234 2233 verdonckert
2274 2190 2440 2250 geblee

468 2238 867 2298 ventwelck
927 2232 1219 2292 bedrijve
1293 2224 1412 2284 van
1459 2225 1565 2285 seer
1606 2231 1778 2291 quade
1825 2244 2237 2304 consequentie
2304 2262 2376 2322 sijn

480 2312 558 2372 die
607 2309 733 2369 voor
787 2308 919 2368 godt
956 2306 1305 2366 almachtich
1353 2302 1490 2362 oock
1555 2302 1665 2362 een
1708 2310 1988 2370 grouwel
2052 2316 2131 2376 sijn
2180 2320 2237 2380 ende
2259 2325 2338 2385 die

472 2394 653 2454 selve
706 2386 833 2446 niet
877 2383 950 2443 en
999 2381 1142 2441 soude
1190 2377 1408 2437 cunnen
1446 2376 1599 2436 ofte
1642 2377 1865 2437 moogen
1908 2392 2158 2452 geleeden
2190 2391 2386 2451 worden

485 2463 650 2523 maer
692 2457 874 2517 andre
927 2456 1025 2516 ten
1072 2451 1383 2511 exempel
1420 2444 1669 2504 straffe
1732 2444 1815 2504 soo
1852 2453 2049 2513 heeft
2091 2464 2174 2524 den
2211 2464 2413 2524 Commid

518 2546 818 2606 Fransico
881 2533 1126 2593 pelsaert
1167 2521 1235 2581 ende
1256 2520 1344 2580 wij
1372 2522 1795 2582 onderszraets
1844 2531 2150 2591 persoonen
2192 2541 2410 2601 vanden

477 2620 749 2680 scheepe
797 2614 990 2674 sardam
1064 2602 1103 2662 op
1144 2593 1217 2653 die
1264 2594 1484 2654 saecke
1544 2596 1630 2656 ten
1665 2605 1917 2665 hoochten
1945 2612 2118 2672 gebet
2158 2622 2371 2682 hebben

490 2696 635 2756 naer
696 2689 860 2749 lange
928 2668 1347 2728 Examinatie
1403 2666 1469 2726 ende
1500 2670 2011 2730 ondersoeckinge
2067 2681 2108 2741 de
2146 2690 2333 2750 selve

493 2758 930 2818 gedebateert
981 2753 1046 2813 ende
1070 2749 1493 2809 overoegen
1554 2755 1618 2815 om
1689 2757 1786 2817 den
1833 2765 2065 2825 Toorne
2130 2774 2409 2834 godesvor

486 2825 590 2885 ons
637 2822 700 2882 te
741 2824 967 2884 weeren
1002 2816 1060 2876 ende
1084 2813 1158 2873 den
1206 2815 1530 2875 criftlijcken
1566 2816 1699 2876 naem
1775 2824 1879 2884 van
1932 2838 2175 2898 sulcken
2198 2851 2459 2911 booswieht

475 2894 551 2954 te
601 2892 865 2952 suijveren
901 2890 977 2950 den
1027 2886 1228 2946 voors.
1257 2887 1361 2947 Jan
1410 2888 1710 2948 Hendrickx
1760 2896 1877 2956 viry
1934 2910 2178 2970 Vreemen
2207 2920 2422 2980 gesenton

479 2963 726 3023 cieert,
741 2961 943 3021 gelijck
1003 2956 1090 3016 wij
1123 2952 1214 3012 hem
1284 2958 1697 3018 sentencieeren
1739 2970 1831 3030 mij
1850 2974 2006 3034 deesen
2038 2976 2116 3036 dat
2130 2980 2222 3040 men
2241 2982 2323 3042 hem
2383 2984 2420 3044 op

477 3036 781 3096 maendach
828 3030 914 3090 den
956 3027 1152 3087 eersten
1178 3026 1348 3086 octoo
1390 3029 1513 3089 1629
1544 3030 1632 3090 sal
1684 3040 1967 3100 brengen
2014 3044 2122 3104 opt
2169 3046 2349 3106 robben
2380 3039 2441 3099 eij

479 3110 628 3170 lant
697 3103 793 3163 ter
846 3095 1092 3155 plaetse
1132 3089 1271 3149 daer
1325 3087 1435 3147 toe
1504 3092 1716 3152 bereijt
1755 3097 1803 3157 om
1881 3112 2112 3172 Jusitie
2161 3113 2209 3173 te
2248 3123 2494 3183 excuteern

483 3180 538 3240 om
603 3171 805 3231 aldarer
856 3167 1012 3227 eerst
1054 3160 1127 3220 sin
1169 3158 1417 3218 rechter
1464 3158 1620 3218 handt
1662 3163 1762 3223 aff
1800 3171 2057 3231 gecapt
2122 3181 2186 3241 te
2228 3191 2444 3251 worden

476 3242 550 3302 ende
570 3234 850 3294 daernaer
895 3229 1023 3289 oren
1072 3229 1175 3289 een
1215 3227 1432 3287 galtte
1481 3227 1599 3287 met
1634 3230 1673 3290 de
1708 3235 1895 3295 coorde
1945 3239 2008 3299 te
2038 3248 2274 3308 ttraffe
2309 3255 2466 3315 datter

476 3304 569 3364 die
617 3297 734 3357 dort
782 3295 917 3355 naer
960 3295 1045 3355 sal
1078 3301 1308 3361 volgen
1356 3296 1478 3356 met
1530 3299 1887 3359 confiscirtie
1944 3306 2056 3366 va,
2099 3315 2217 3375 alle
2269 3324 2409 3384 sijne

487 3359 751 3419 goederen
799 3354 1020 3414 plunije
1068 3361 1281 3421 maent
1320 3363 1516 3423 gelden
1551 3363 1661 3423 ofte
1704 3369 1926 3429 eenige
1982 3387 2319 3447 pretentie
2362 3389 2425 3449 die

478 3418 552 3478 hij
579 3413 750 3473 alhier
803 3412 855 3472 in
926 3414 1114 3474 Indien
1150 3417 1308 3477 soude
1339 3420 1580 3480 moogen
1642 3417 1843 3477 hebben
1892 3425 2001 3485 ten
2050 3439 2309 3499 profijte
2357 3448 2466 3508 vood

482 3471 753 3531 generale
796 3468 910 3528 oost
957 3472 1213 3532 Indische
1267 3477 1626 3537 compame
1673 3480 1768 3540 onse
1814 3483 1906 3543 Hr
1948 3496 2223 3556 Maldus
2258 3503 2449 3563 gedaen

478 3536 537 3596 ende
555 3528 964 3588 gearresteert
1015 3525 1117 3585 opt
1169 3531 1416 3591 eijlant
1468 3533 1783 3593 genaemt
1835 3549 2163 3609 batarvias
2210 3562 2397 3622 Cerck

507 3590 609 3650 of
669 3590 803 3650 deesen
841 3587 911 3647 28
982 3584 1348 3644 september
1424 3594 1580 3654 anno
1618 3610 1758 3670 1629

2059 3713 2253 3773 Alsoo
