2625 3965
537 207 806 267 Soldaet,
837 213 1137 273 nicolaes
1178 216 1669 276 winckelhaen
1704 219 1819 279 sold
1870 211 2095 271 poules
2155 221 2390 281 barens

384 263 595 323 hebbel
665 272 830 332 Jans
878 273 1025 333 beijde
1091 270 1208 330 van
1256 279 1637 339 harderwijck
1694 282 2063 342 bootsgesellen
2099 285 2167 345 ende
2190 287 2341 347 meer

395 330 565 390 andre
641 330 732 390 tot
776 338 879 398 het
943 334 1145 394 getal
1205 336 1312 396 van
1352 341 1399 401 15
1455 345 1550 405 toe
1618 344 1733 404 van
1785 344 2114 404 Jerommus
2158 347 2316 407 aent

380 397 621 457 vraders
668 392 878 452 eijlant
945 392 1182 452 gestelt
1245 398 1334 458 zijn
1381 400 1482 460 dat
1533 402 1595 462 zij
1638 399 1852 459 aldaer
1934 400 2062 460 Een
2137 411 2354 471 vledt

370 464 562 524 soude
621 461 897 521 maecken
946 457 1014 517 ende
1036 455 1371 515 daermeede
1441 456 1595 516 naer
1654 458 1680 518 ’t
1729 455 1920 515 hooge
2006 467 2229 527 Eijlant
2272 473 2421 533 varen

402 531 486 591 dan
527 527 621 587 als
662 528 711 588 sij
737 530 757 590 2
802 528 1052 588 vlotten
1108 519 1432 579 gemaeckt
1494 524 1693 584 hadden
1744 524 1799 584 ende
1814 524 1929 584 daer
1969 530 2164 590 meede
2205 542 2489 602 ondweegen

391 591 642 651 waeren
703 585 882 645 heeft
951 583 1266 643 ferommius
1292 585 1356 645 ende
1386 589 1544 649 sijnen
1587 592 1753 652 raet
1801 594 1937 654 goet
1976 600 2258 660 gevonden
2284 610 2463 670 datmen

398 664 473 724 die
526 650 693 710 selve
755 649 907 709 soude
955 648 1064 708 doot
1108 643 1269 703 slaen
1332 648 1493 708 ofte
1556 652 1612 712 in
1675 651 1769 711 zee
1837 665 2260 725 verdrincken
2289 676 2346 736 ende
2370 676 2408 736 is

390 723 706 783 Seevanck
769 724 1076 784 Coenraet
1131 721 1252 781 van
1302 723 1920 783 huijsengijsbrecht
1975 731 2101 791 van
2151 736 2426 796 Welderen

380 790 686 850 Corneles
727 786 970 846 Pieters
1011 789 1133 849 van
1183 787 1490 847 Wtrecht
1576 794 1837 854 Leenert
1910 807 2330 867 Michielsen
2362 811 2456 871 Jan

397 850 808 910 Hendrickx,
840 852 1050 912 luijcas
1114 849 1305 909 Jillisse
1370 848 1493 908 met
1543 854 1657 914 het
1703 858 2059 918 schuijtgen
2110 872 2456 932 gemandeert

389 915 527 975 daer
582 918 645 978 na
717 924 809 984 toe
881 926 1179 986 gevaeren
1209 922 1272 982 ende
1297 918 1507 978 vierde
1571 918 1852 978 sommige
1912 922 1962 982 in
2017 924 2117 984 dee
2156 925 2210 985 ene
2227 930 2433 990 eenige

392 985 688 1045 sprongen
729 990 861 1050 van
923 989 1137 1049 Selfs
1184 982 1260 1042 int
1312 979 1603 1039 waeter
1660 985 1720 1045 ende
1747 993 2068 1053 verdroncken
2094 992 2227 1052 maer
2273 998 2482 1058 nicolaed

390 1062 890 1122 winckelhaeck
951 1059 1163 1119 Poules
1201 1052 1469 1112 barens,
1497 1052 1677 1112 bessel
1747 1062 1918 1122 Jans
1942 1061 1955 1121 „
2002 1061 2075 1121 ende
2118 1061 2372 1121 Claesz

391 1122 686 1182 Harmans
737 1125 1225 1185 ontswomment
1284 1121 1342 1181 ende
1364 1119 1593 1179 meende
1644 1125 1797 1185 haer
1853 1131 1980 1191 hier
2038 1131 2194 1191 aent
2264 1133 2464 1193 Eijlant

385 1191 457 1251 te
515 1188 780 1248 salveeren
824 1190 915 1250 dan
974 1187 1297 1247 Jerommus
1351 1187 1476 1247 hier
1539 1185 1654 1245 opt
1713 1190 1935 1250 eilant
2012 1195 2171 1255 zijnde
2225 1201 2441 1261 belaste

383 1258 747 1318 mondelinge
805 1257 925 1317 aen
983 1262 1107 1322 Jan
1160 1255 1486 1315 Hendrickx
1540 1257 1568 1317 e
1631 1258 1861 1318 Rutger
1919 1273 2283 1333 Fredericks
2322 1277 2427 1337 dat

388 1340 442 1400 sij
484 1332 610 1392 deese
664 1328 826 1388 soude
869 1327 1019 1387 gaen
1068 1327 1169 1387 doot
1212 1327 1380 1387 slaen
1435 1330 1681 1390 ’twelck
1729 1337 1873 1397 oock
1934 1336 2023 1396 soo
2060 1339 2312 1399 geschiet
2349 1345 2396 1405 is

415 1428 535 1488 Item
603 1424 655 1484 is
694 1425 1027 1485 ferommus
1066 1425 1321 1485 neevens
1360 1428 1649 1488 seevanck
1702 1435 1986 1495 Coenraet
2040 1443 2165 1503 van
2209 1446 2363 1506 huijsz
2392 1455 2440 1515 ende

383 1494 711 1554 gijsbrecht
757 1493 867 1553 van
913 1490 1188 1550 welderen
1233 1486 1282 1546 op
1322 1486 1402 1546 den
1443 1488 1482 1548 10
1545 1488 1660 1548 Julij
1697 1486 1781 1546 des
1821 1490 2066 1550 snachts
2098 1504 2324 1564 gegaen
2360 1509 2458 1569 ende

374 1558 630 1618 Andries
676 1560 726 1620 de
769 1558 966 1618 Vries
996 1555 1285 1615 assistent
1328 1554 1516 1614 geroep
1576 1550 1621 1610 ende
1651 1545 1747 1605 hem
1803 1554 2142 1614 divingende
2189 1567 2285 1627 dat
2345 1573 2399 1633 hij
2420 1574 2466 1634 een

389 1620 463 1680 pr
495 1623 590 1683 teij
639 1618 845 1678 siecken
883 1620 957 1680 den
990 1622 1128 1682 hals
1176 1623 1335 1683 soude
1383 1624 1447 1684 af
1511 1613 1659 1673 suijden
1702 1609 1755 1669 ende
1783 1609 1862 1669 hem
1937 1617 2281 1677 gedivongen
2309 1629 2404 1689 dert

398 1687 467 1747 hij
517 1682 733 1742 sulckx
783 1681 885 1741 doen
928 1679 1080 1739 most

434 1784 578 1844 tem
640 1784 688 1844 op
731 1784 797 1844 den
847 1782 901 1842 12
944 1781 1064 1841 Julij
1096 1775 1265 1835 heeft
1303 1768 1611 1828 Jerommus
1630 1766 1648 1826 „
1685 1767 1788 1827 Jan
1831 1776 2122 1836 Hendrickx
2165 1777 2395 1837 leevert

355 1846 674 1906 Michiels
717 1848 792 1908 ende
814 1843 1029 1903 luijcas
1078 1839 1279 1899 Jillisse
1335 1832 1419 1892 des
1461 1826 1738 1886 Onachs
1774 1836 1808 1896 in
1871 1839 1961 1899 zijn
2003 1845 2155 1905 tent
2198 1851 2322 1911 doen
2378 1853 2447 1913 zoe

369 1914 513 1974 pen
567 1907 807 1967 present
851 1902 1010 1962 zijnde
1093 1897 1266 1957 davit
1315 1892 1435 1952 van
1483 1889 1787 1949 Zeevnck
1826 1894 1884 1954 ende
1913 1904 2226 1964 coenraet
2275 1909 2424 1969 van

385 1977 587 2037 huijssen
611 1973 676 2033 ende
700 1968 973 2028 belasten
1009 1961 1151 2021 haer
1212 1959 1312 2019 dat
1342 1958 1395 2018 sij
1420 1957 1561 2017 gaen
1616 1957 1805 2017 souden
1853 1958 1918 2018 ende
1948 1961 2132 2021 suijden
2180 1971 2441 2031 passchijr

416 2047 513 2107 van
570 2035 764 2095 Enden
821 2032 995 2092 bossje
1027 2028 1093 2088 ende
1114 2025 1303 2085 Jacop
1360 2020 1662 2080 Hendrickx
1714 2027 1950 2087 timmerm
2023 2026 2104 2086 als
2136 2031 2299 2091 meede
2325 2036 2448 2096 eenen

396 2105 640 2165 siecken
693 2102 928 2162 Jongen
971 2092 1062 2152 den
1106 2091 1230 2151 hals
1260 2090 1369 2150 aff
1437 2089 1695 2149 twelck
1754 2095 1869 2155 Jan
1922 2098 2247 2158 Hendrickx
2291 2103 2343 2163 ende

368 2172 662 2232 Leenert
723 2171 1076 2231 michielsz
1120 2161 1359 2221 gedaen
1415 2156 1588 2216 hebben

364 2288 530 2348 Item
596 2293 643 2353 op
686 2297 768 2357 den
811 2300 917 2360 14e
941 2300 1060 2360 Julij
1096 2295 1256 2355 heeft
1292 2293 1453 2353 davit
1495 2290 1602 2350 van
1656 2283 1971 2343 Zeevanck
2013 2295 2179 2355 gesien
2203 2299 2292 2359 dat
2322 2306 2476 2366 andrie

377 2355 475 2415 die
522 2357 710 2417 vries
758 2359 837 2419 bij
866 2362 1147 2422 lucretia
1204 2354 1378 2414 Jans
1416 2349 1566 2409 dach
1604 2347 1768 2407 zijnde
1811 2353 1933 2413 van
1981 2366 2163 2426 varre
2202 2377 2460 2437 stonten

366 2425 544 2485 prate
606 2423 666 2483 ende
693 2423 749 2483 om
820 2425 924 2485 dat
959 2428 1041 2488 die
1099 2431 1290 2491 vries
1343 2420 1538 2480 voors
1613 2414 1804 2474 hadde
1857 2427 2118 2487 moeten
2171 2444 2436 2504 belooven

391 2501 463 2561 soo
505 2498 564 2558 hij
606 2498 743 2558 van
789 2497 871 2557 sijn
928 2495 1188 2555 leeven
1239 2488 1473 2548 teegen
1524 2488 1661 2548 haer
1716 2485 1969 2545 sprack
2024 2495 2175 2555 soude
2226 2502 2431 2562 moeten

389 2566 687 2626 sterven
737 2561 947 2621 hebben
977 2557 1043 2617 der
1089 2557 1312 2617 halven
1345 2554 1503 2614 goet
1549 2560 1879 2620 gevonden
1917 2557 1958 2617 de
2004 2565 2207 2625 voors
2269 2569 2343 2629 die

379 2630 567 2690 vries
616 2632 677 2692 te
739 2631 910 2691 laten
946 2629 1060 2689 doot
1108 2626 1280 2686 slaen
1328 2625 1381 2685 ende
1403 2624 1591 2684 heeft
1654 2627 2000 2687 Jerommus
2049 2627 2172 2687 Jan
2216 2632 2453 2692 Hendrick

380 2701 673 2761 Leendert
734 2703 1060 2763 Michiels
1103 2700 1158 2760 ende
1201 2694 1447 2754 Zutger
1527 2693 1816 2753 kerickx
1878 2692 1924 2752 in
1966 2693 2049 2753 sijn
2115 2699 2273 2759 tent
2316 2708 2450 2768 doen

376 2775 595 2835 comen
650 2775 990 2835 belastende
1049 2770 1166 2830 hem
1233 2764 1318 2824 die
1385 2763 1572 2823 vries
1624 2760 1690 2820 te
1760 2760 1928 2820 gaen
1983 2760 2104 2820 doot
2171 2764 2331 2824 slaen
2370 2769 2405 2829 en

379 2841 547 2901 haer
611 2838 725 2898 wt
772 2838 881 2898 den
949 2838 1118 2898 tent
1178 2833 1291 2893 een
1347 2829 1545 2889 sabel
1609 2835 1757 2895 daer
1825 2836 1934 2896 toe
1981 2842 2276 2902 gegeven
2319 2841 2378 2901 ende

381 2900 662 2960 hebben
731 2897 840 2957 hem
919 2897 1065 2957 alsoo
1107 2894 1232 2954 doot
1290 2889 1646 2949 gestaegen

376 3017 548 3077 Item
619 3023 699 3083 den
748 3024 780 3084 6
818 3026 1114 3086 augustij
1147 3016 1330 3076 heeft
1384 3018 1772 3078 Jerommus
1810 3022 2079 3082 Corneles
2101 3023 2181 3083 aen
2214 3023 2311 3083 Jan
2355 3023 2462 3083 Hend

374 3093 716 3153 mondeling
778 3099 1007 3159 belast
1059 3095 1154 3155 des
1193 3088 1516 3148 smorgens
1559 3087 1645 3147 dat
1684 3084 1893 3144 stoffel
1960 3092 2188 3152 Vossels
2222 3095 2459 3155 vorrarms

384 3171 468 3231 die
522 3168 695 3228 stont
740 3164 806 3224 en
860 3163 1167 3223 wackte
1221 3158 1305 3218 den
1350 3157 1493 3217 keel
1556 3151 1715 3211 soude
1765 3154 1840 3214 af
1894 3155 2112 3215 suijden
2162 3161 2326 3221 waeer
2367 3169 2446 3229 toe

475 3239 576 3299 hem
649 3238 726 3298 sijn
780 3237 983 3297 Eijgen
1047 3228 1366 3288 ponijaert
1434 3224 1540 3284 wt
1580 3223 1676 3283 een
1730 3221 1880 3281 sack
1929 3226 2088 3286 trock
2138 3230 2195 3290 ende
2220 3231 2311 3291 hem

380 3320 603 3380 langde
657 3317 728 3377 ende
742 3309 920 3369 heeft
973 3301 1098 3361 Jan
1145 3297 1467 3357 Hendrickx
1527 3294 1863 3354 hetselfde
1916 3292 2074 3352 oock
2121 3298 2331 3358 gedaen

364 3431 525 3491 Item
610 3438 674 3498 op
720 3436 823 3496 den
875 3428 946 3488 25
1018 3423 1179 3483 Julij
1218 3426 1392 3486 heeft
1451 3425 1806 3485 Jerommus
1846 3422 1975 3482 met
2001 3428 2065 3488 den
2098 3431 2233 3491 raet
2267 3442 2447 3502 goet¬

375 3505 708 3565 gevonden
756 3502 873 3562 Jan
925 3502 1132 3562 gerres
1179 3497 1310 3557 van
1372 3492 1932 3552 Leijdenhovemer
1998 3503 2063 3563 ende
2087 3501 2200 3561 owe
2262 3508 2421 3568 Jans

380 3572 513 3632 van
580 3575 975 3635 Fraencker
1037 3568 1466 3628 bootsgesellen
1519 3558 1585 3618 te
1638 3565 1799 3625 laten
1833 3577 2242 3637 verdrincken
2276 3579 2318 3639 en
2347 3578 2409 3638 is

2004 3705 2346 3765 eevanck
