2659 4000
551 239 883 299 Deevanck
933 249 1239 309 Coenaet
1282 245 1405 305 van
1444 243 1669 303 Huijssen
1696 246 1755 306 ende
1783 254 2115 314 Gijsbrecht
2170 245 2288 305 van
2331 240 2519 300 Welde

395 301 519 361 ren
564 301 625 361 na
679 303 745 363 die
790 304 950 364 mast
999 305 1270 365 gevaren
1301 308 1363 368 ende
1386 309 1621 369 aldaer
1666 315 1848 375 laten
1879 321 2279 381 verdrincken

389 399 559 459 Item
631 408 691 468 op
736 409 812 469 den
857 408 890 468 5
934 407 1193 467 augustij
1238 405 1606 465 Jeromius
1662 409 1970 469 Comleeles
2015 422 2532 482 seevancktoen

396 479 610 539 raet
681 479 830 539 van
896 478 1069 538 huijsz
1111 473 1190 533 ende
1228 471 1424 531 Jacop
1486 476 1719 536 Pieters
1752 477 1798 537 op
1846 475 1873 535 t
1920 475 2117 535 Hoorse
2173 483 2402 543 eijlant
2440 497 2547 557 sijnde

404 545 652 605 hebben
688 548 820 608 goet
860 546 1166 606 gevonden
1224 548 1338 608 Mr.
1379 548 1568 608 Frans
1622 550 1852 610 Jansen
1893 545 2012 605 van
2061 545 2202 605 hoorn
2278 557 2459 617 opper
2495 562 2561 622 bad

392 619 467 679 te
530 616 725 676 laten
757 614 872 674 doot
904 612 1072 672 slaen
1122 610 1273 670 alsoo
1331 613 1379 673 sij
1420 613 1700 673 vreesden
1745 613 1842 673 dat
1879 613 1958 673 hij
1990 610 2051 670 na
2114 622 2558 682 tandervolck

411 697 584 757 soude
646 687 884 747 loopen
945 681 1171 741 twelck
1241 682 1470 742 twelck
1523 687 1844 747 seevanck
1897 684 2022 744 alsoo
2066 690 2421 750 Jerommus
2457 697 2552 757 nad

401 758 695 818 ’teijlant
754 754 884 814 daer
947 751 1132 811 wijbe
1204 748 1389 808 heijes
1431 745 1565 805 met
1608 748 1729 808 het
1763 750 1944 810 ander
2003 759 2217 819 volck
2268 757 2318 817 op
2364 757 2507 817 was

406 828 700 888 gevaren
741 825 878 885 sijnde
938 818 1022 878 int
1063 817 1279 877 werck
1319 813 1574 873 gestelt
1627 813 1798 873 heeft
1844 813 1909 873 ende
1930 815 1981 875 is
2028 823 2257 883 voorss.
2284 833 2375 893 Mr.
2409 830 2539 890 Filrns

400 897 518 957 van
571 897 803 957 Leenert
865 889 1167 949 Michielsen
1207 884 1408 944 moettijd
1461 884 1706 944 beeren
1751 879 1921 939 Hans
1983 888 2241 948 Jacops
2277 896 2390 956 doot
2426 896 2544 956 gesla

391 958 517 1018 gen
568 960 674 1020 als
710 958 902 1018 meede
964 957 1039 1017 soo
1086 956 1389 1016 wanneer
1467 953 1826 1013 Jeromimus
1867 956 2161 1016 neevens
2202 969 2506 1029 sevanck

410 1027 701 1087 oenraet
747 1025 873 1085 van
929 1017 1181 1077 huijssen
1232 1017 1352 1077 met
1398 1017 1463 1077 23
1514 1014 1741 1074 mannen
1777 1016 1826 1076 in
1868 1019 1893 1079 2
1928 1026 2230 1086 schuijtins
2261 1033 2402 1093 vant
2438 1043 2573 1103 voors.

413 1093 588 1153 Hooch
630 1089 865 1149 Eijlant
920 1085 1077 1145 naer
1133 1083 1202 1143 dit
1249 1086 1484 1146 eijlant
1531 1084 1765 1144 waeren
1798 1089 1987 1149 comen
2030 1091 2098 1151 soo
2140 1093 2324 1153 heeft
2366 1102 2550 1162 sevanc

403 1166 551 1226 inde
603 1160 830 1220 schuijt
882 1157 1138 1217 sittende
1213 1157 1458 1217 tegens
1510 1159 1880 1219 Jerominius
1926 1158 2114 1218 geseijt
2172 1166 2274 1226 ick
2326 1175 2439 1235 heb
2480 1182 2565 1242 tas

395 1233 549 1293 goet
586 1229 740 1289 mens
801 1228 1074 1288 bedocht
1129 1223 1307 1283 waer
1367 1231 1420 1291 op
1462 1232 1814 1292 Jerommus
1863 1228 2142 1288 vrachde
2203 1244 2339 1304 wat
2381 1253 2422 1313 is
2453 1260 2541 1320 dat

401 1302 489 1362 soo
532 1300 672 1360 seijde
715 1297 799 1357 hij
828 1295 973 1355 aller
1035 1291 1142 1351 een
1190 1294 1391 1354 jacht
1434 1302 1598 1362 comt
1650 1302 1702 1362 om
1791 1304 1899 1364 ons
1951 1308 2016 1368 te
2083 1331 2401 1391 verlossen
2449 1340 2538 1400 dat

379 1378 499 1438 wij
546 1373 573 1433 t
611 1370 671 1430 af
718 1367 940 1427 loopen
987 1366 1057 1426 ende
1080 1362 1201 1422 daer
1248 1364 1438 1424 meede
1490 1366 1540 1426 op
1574 1369 1856 1429 vrijbuijt
1903 1371 1959 1431 ende
1978 1371 2126 1431 naer
2178 1385 2414 1445 speruijen
2438 1394 2553 1454 vare

363 1450 589 1510 Warer
645 1446 696 1506 op
757 1442 1127 1502 Jeromimus
1165 1436 1507 1496 antwoorde
1554 1438 1660 1498 Ho:
1702 1442 1794 1502 Ho:
1842 1439 2031 1499 hebdij
2069 1437 2170 1497 dat
2208 1443 2277 1503 nu
2328 1450 2494 1510 eerst

401 1521 651 1581 bedocht
710 1517 793 1577 ick
852 1511 960 1571 heb
1004 1508 1107 1568 dat
1152 1506 1225 1566 al
1274 1508 1637 1568 langinden
1682 1512 1760 1572 sin
1809 1514 2039 1574 gehadt
2079 1506 2128 1566 ende
2153 1507 2196 1567 is
2241 1511 2525 1571 eijndelijck

399 1593 479 1653 soo
518 1589 856 1649 beslooten
915 1584 976 1644 ende
1003 1583 1465 1643 gereesolveert
1534 1583 1611 1643 int
1658 1585 1877 1645 werck
1931 1588 1992 1648 te
2054 1583 2285 1643 stellen
2327 1584 2477 1644 maer
2512 1590 2573 1650 dat

397 1663 449 1723 sij
485 1659 585 1719 als
630 1658 849 1718 vooren
894 1657 1065 1717 soude
1127 1655 1465 1715 aorebeijden
1510 1655 1624 1715 omt
1668 1652 1848 1712 ander
1906 1652 2086 1712 voeck
2135 1652 2192 1712 te
2232 1655 2552 1715 vermeesteren

386 1735 446 1795 om
513 1730 656 1790 alser
708 1726 824 1786 een
871 1726 1070 1786 jacht
1111 1724 1254 1784 quam
1326 1725 1432 1785 dat
1474 1723 1524 1783 sij
1550 1721 1570 1781 t
1607 1721 1744 1781 niet
1791 1722 1953 1782 soude
2010 1728 2510 1788 waerschouwen

393 1795 468 1855 ende
488 1795 583 1855 als
631 1795 682 1855 sij
721 1797 820 1857 tot
854 1798 1001 1858 haer
1049 1803 1434 1863 voorneemen
1468 1798 1667 1858 souden
1705 1804 2014 1864 gecoomen
2048 1803 2133 1863 sijn
2181 1801 2351 1861 wilde
2395 1802 2542 1862 sijden

397 1873 587 1933 booths
609 1864 825 1924 eerrst
869 1864 1041 1924 aent
1080 1866 1218 1926 lant
1262 1867 1447 1927 laten
1483 1871 1707 1931 comen
1738 1874 1794 1934 ende
1825 1873 2023 1933 maken
2063 1878 2183 1938 het
2236 1883 2538 1943 boothvooc

403 1946 711 2006 droncken
747 1939 793 1999 om
869 1936 1018 1996 haer
1074 1936 1133 1996 te
1185 1935 1619 1995 lichtelijcker
1686 1937 1808 1997 doot
1861 1940 1923 2000 te
1971 1945 2128 2005 slaeh
2168 1946 2223 2006 ende
2247 1947 2397 2007 soude
2437 1949 2543 2009 doren

407 2013 503 2073 soo
547 2010 985 2070 gemackelijck
1039 2010 1135 2070 het
1174 2004 1390 2064 Jacht
1434 2010 1670 2070 cunnen
1704 2007 2171 2067 vermeetsterct
2235 2016 2441 2076 hebben

372 2160 533 2220 Item
612 2171 815 2231 heeft
870 2177 1212 2237 Jerommus
1261 2171 1326 2231 ende
1345 2171 1416 2231 den
1471 2180 1632 2240 raet
1669 2181 1716 2241 op
1765 2177 1830 2237 den
1856 2179 1915 2239 21
1976 2177 2095 2237 Julij
2126 2176 2575 2236 goetgevonden

371 2235 635 2295 dactmen
670 2237 746 2297 des
794 2242 1164 2302 predicants
1212 2237 1527 2297 huijsgesin
1583 2244 1693 2304 wot
1737 2250 2039 2310 genomen
2091 2249 2171 2309 den
2219 2252 2538 2312 predicant

381 2304 515 2364 met
556 2306 636 2366 sijn
686 2306 864 2366 onste
933 2309 1210 2369 dochter
1286 2307 1371 2367 des
1407 2307 1729 2367 Snachts
1788 2306 1850 2366 te
1918 2317 2092 2377 laten
2124 2321 2540 2381 vermoorden

384 2374 482 2434 tot
522 2375 628 2435 dien
673 2375 850 2435 eynde
900 2372 1068 2432 heeft
1131 2377 1485 2437 jerommus
1526 2374 1761 2434 eenige
1837 2372 2009 2432 spijse
2076 2376 2200 2436 inde
2267 2382 2440 2442 tent

378 2446 521 2506 van
596 2452 928 2512 coenraet
981 2447 1121 2507 van
1178 2446 1414 2506 Huijssen
1453 2446 1619 2506 laten
1659 2446 1934 2506 brengen
1974 2442 2236 2502 seggende
2267 2446 2345 2506 dat
2372 2448 2411 2508 sij
2433 2452 2516 2512 hem

388 2522 501 2582 als
536 2524 735 2584 meede
783 2521 865 2581 den
905 2524 1229 2584 predicant
1291 2518 1425 2578 met
1482 2516 1559 2576 sijn
1620 2513 1850 2573 dochter
1937 2512 2023 2572 des
2058 2514 2279 2574 avens
2328 2513 2487 2573 seude

389 2592 453 2652 te
506 2593 648 2653 gaft
679 2595 883 2655 nooden
922 2596 983 2656 ende
1014 2597 1061 2657 is
1113 2593 1234 2653 Jan
1287 2592 1625 2652 Hendrickx
1669 2587 1955 2647 Leendert
2007 2586 2454 2646 Michielsz

378 2673 647 2733 Matthijs
697 2670 853 2730 beer
907 2671 1240 2731 mondeling
1285 2664 1407 2724 van
1461 2666 1853 2726 Jerommus
1912 2661 2167 2721 belast
2216 2662 2319 2722 dat
2354 2660 2407 2720 sij
2442 2659 2510 2719 des

386 2750 653 2810 nachts
695 2751 824 2811 met
886 2758 1185 2818 sevanck
1237 2752 1308 2812 ende
1324 2745 1556 2805 andere
1613 2740 1685 2800 die
1758 2738 1845 2798 hij
1871 2735 1994 2795 daer
2046 2733 2149 2793 toe
2196 2742 2396 2802 neemen
2423 2738 2531 2798 soude

383 2811 489 2871 het
553 2819 879 2879 huijsgesin
931 2821 1160 2881 vande
1225 2817 1629 2877 preedicant
1671 2808 1785 2868 doot
1832 2804 1891 2864 te
1956 2799 2135 2859 slagh
2182 2801 2250 2861 ende
2278 2811 2512 2871 heeft

374 2895 524 2955 Jan
582 2891 925 2951 Hendrickx
983 2889 1352 2949 wijbrecht
1405 2887 1607 2947 Claes
1655 2883 1785 2943 door
1842 2876 2149 2936 steecken
2181 2880 2248 2940 ende
2285 2880 2534 2940 Leevert

385 2970 730 3030 Michielsen
766 2966 846 3026 die
913 2965 1294 3025 predicants
1330 2960 1497 3020 vrou
1559 2960 1696 3020 met
1747 2956 1909 3016 noch
1966 2948 2087 3008 een
2143 2954 2346 3014 vande
2367 2953 2539 3013 kinder

388 3049 529 3109 met
577 3041 708 3101 een
762 3038 913 3098 dissel
982 3034 1076 3094 den
1151 3032 1245 3092 Cop
1309 3024 1361 3084 in
1414 3016 1772 3076 geslaegen
1804 3020 1867 3080 ende
1894 3015 2162 3075 matthijs
2199 3018 2352 3078 beer
2415 3019 2536 3079 floee

394 3119 557 3179 oock
618 3108 757 3168 met
809 3103 911 3163 een
963 3103 1125 3163 dissel
1201 3100 1279 3160 die
1340 3099 1428 3159 cop
1485 3096 1540 3156 in
1597 3094 1648 3154 de
1699 3088 1899 3148 reste
1979 3081 2081 3141 zijn
2152 3081 2291 3141 van
2338 3076 2542 3136 seesoome

385 3187 717 3247 Corneeles
775 3172 1030 3232 Pieters
1069 3168 1208 3228 van
1267 3164 1627 3224 Wtrecht
1681 3161 1743 3221 ende
1792 3159 2004 3219 andre
2067 3157 2211 3217 alsoo
2254 3161 2365 3221 het
2394 3157 2557 3217 nacht

387 3257 551 3317 was
587 3251 722 3311 niet
764 3246 851 3306 en
912 3246 1140 3306 conden
1188 3237 1553 3297 ontloopen
1612 3235 1747 3295 doot
1801 3225 2142 3285 geslaegen

341 3361 556 3421 Item
641 3367 701 3427 op
752 3360 846 3420 den
893 3360 942 3420 10
993 3359 1273 3419 augultij
1329 3348 1535 3408 heeft
1601 3346 1972 3406 Jerommus
2012 3338 2313 3398 Corneeles
2368 3340 2488 3400 per

354 3430 676 3490 sonelijck
731 3426 913 3486 roijer
972 3425 1194 3485 deeker
1262 3419 1401 3479 van
1455 3422 1725 3482 haerlem
1822 3412 2058 3472 Conuijt
2097 3405 2444 3465 wachter

365 3500 651 3560 geweest
694 3491 769 3551 wt
831 3488 915 3548 sijn
962 3488 1108 3548 tent
1161 3482 1480 3542 geroepen
1523 3482 1664 3542 daer
1716 3484 1782 3544 hij
1825 3485 1938 3545 vis
1971 3486 2084 3546 sat
2131 3482 2206 3542 en
2249 3481 2422 3541 breode
2461 3486 2507 3546 ende

372 3573 487 3633 hem
556 3566 911 3626 aengeseijt
973 3560 1089 3620 als
1133 3557 1193 3617 hij
1237 3555 1334 3615 hem
1390 3554 1513 3614 pen
1562 3559 1832 3619 beecker
1894 3557 2034 3617 wijn
2084 3558 2359 3618 gegeeven
2385 3562 2519 3622 hadde

2056 3700 2271 3760 ate
