2659 4000
422 208 570 268 Alsoo
603 216 886 276 Jeronimus
939 210 1197 270 Cornelisz
1223 210 1319 270 van
1352 210 1495 270 haerb
1547 216 1637 276 out
1670 216 1921 276 omtrent
1954 216 2011 276 30
2070 222 2263 282 Jaeren
2303 234 2535 294 apotee

387 267 478 327 ende
502 276 622 336 ondr
676 275 839 335 Coop=m
907 270 1142 330 geweest
1191 268 1248 328 op
1287 270 1310 330 t
1340 270 1768 330 eerongeluckte
1817 276 1937 336 schip
1986 279 2211 339 batavi„
2260 293 2351 353 hem
2409 300 2510 360 seer

375 339 649 399 grouwed
711 338 880 398 heeft
926 333 1071 393 verloop
1127 334 1196 394 ende
1227 330 1302 390 te
1358 333 1568 393 buijten
1618 333 1799 393 heeft
1839 333 2035 393 gegaen
2080 339 2130 399 Ja
2181 345 2276 405 hem
2326 349 2431 409 van
2467 361 2561 421 alle

388 410 898 470 menschelijckheijt
953 403 1257 463 ontbloodt
1302 404 1355 464 ende
1375 398 1463 458 als
1498 398 1541 458 in
1586 399 1678 459 een
1739 403 1900 463 tijger
1964 404 2066 464 dier
2126 413 2543 473 verongeluckt

388 479 549 539 was
607 474 707 534 hem
779 469 955 529 heeft
998 464 1174 524 laten
1217 467 1407 527 beweg
1480 464 1593 524 van
1651 467 1836 527 schipr
1880 470 2079 530 aruren
2132 479 2370 539 Jacops
2414 485 2523 545 van

388 548 747 608 durckendam
831 540 877 600 om
961 533 1147 593 tselve
1200 531 1335 591 schip
1392 524 1512 584 met
1554 526 1725 586 haere
1794 539 2188 599 complicie,
2199 545 2282 605 die
2350 548 2412 608 hij
2434 549 2511 609 all

391 626 571 686 reede
635 613 798 673 hadde
845 611 920 671 ende
938 607 1072 667 noch
1119 599 1270 659 soude
1323 592 1596 652 verwillicht
1655 592 1905 652 hebben„
1934 596 1992 656 af
2045 598 2085 658 te
2121 605 2231 665 loop
2272 610 2318 670 ende
2336 612 2452 672 alles
2488 613 2534 673 te

389 686 633 746 vermordr
675 682 742 742 soo
784 676 1143 736 commandeur
1196 665 1253 725 ende
1284 662 1445 722 andre
1514 658 1602 718 tot
1660 658 1773 718 op„
1795 659 1924 719 120„
1977 667 2175 727 persoon
2233 676 2346 736 mae
2415 684 2476 744 die

410 751 557 811 haer
609 745 711 805 mit
780 739 934 799 ofte
992 733 1270 793 dienstich
1317 730 1470 790 soude
1545 730 1835 790 geweest
1893 730 2081 790 hebben
2115 733 2286 793 waer
2344 739 2429 799 toe
2475 747 2543 807 Is

399 817 667 877 rommus
720 810 823 870 aen
870 801 1040 861 allert
1101 798 1242 858 Jans
1285 796 1403 856 van
1446 801 1761 861 assendelft
1837 798 2195 858 bosschieter
2252 807 2435 867 meede

393 888 622 948 versocht
659 879 838 939 heeft
911 871 1018 931 tot
1054 867 1168 927 het
1198 860 1334 920 selve
1386 858 1521 918 feijt
1558 861 1622 921 ende
1652 861 1931 921 eijndelijck
1997 867 2097 927 toe
2156 879 2428 939 gestaen

437 948 609 1008 eeft
673 945 948 1005 volgens
995 936 1063 996 sijn
1115 927 1304 987 eijgen
1368 927 1781 987 bekentenisse

444 1059 626 1119 jaeren
680 1048 892 1108 booven
928 1046 1063 1106 naer
1117 1040 1222 1100 het
1276 1034 1541 1094 bleijven
1589 1038 1706 1098 van
1742 1037 1848 1097 het
1890 1038 2030 1098 schip
2078 1037 2148 1097 als
2179 1040 2255 1100 den
2326 1040 2538 1100 Comman

423 1122 690 1182 pelsaert
742 1117 807 1177 ende
831 1113 911 1173 den
958 1115 1117 1175 schip
1208 1106 1339 1166 met
1382 1103 1475 1163 den
1523 1103 1649 1163 boot
1687 1103 1941 1163 waeter
1979 1106 2133 1166 gaen
2172 1109 2378 1169 soecken
2402 1109 2542 1169 waren

381 1181 580 1241 naer
644 1174 991 1234 domliggend
1049 1165 1317 1225 eylanden
1354 1161 1401 1221 ende
1438 1160 1464 1220 t
1497 1160 1686 1220 vaste
1749 1162 1906 1222 suijdt
1949 1165 2117 1225 landt
2165 1167 2433 1227 nochtans
2460 1169 2548 1229 met

389 1248 708 1308 mogelijck
764 1239 1053 1299 volgens
1099 1228 1154 1288 de
1196 1222 1601 1282 getuijgenisse
1667 1222 1773 1282 van
1820 1222 1915 1282 alle
1957 1231 2225 1291 menschen
2266 1231 2326 1291 die
2378 1234 2479 1294 daer
2505 1238 2545 1298 bij

398 1312 678 1372 geweest
746 1296 975 1356 hebben
1018 1291 1223 1351 eenich
1260 1294 1508 1354 waeter
1575 1300 1626 1360 te
1698 1300 1919 1360 vinden
1959 1303 2013 1363 al
2061 1303 2160 1363 hoe
2196 1303 2298 1363 wel
2326 1303 2401 1363 het
2437 1306 2551 1366 selve

365 1373 496 1433 tot
535 1373 590 1433 op
629 1367 678 1427 22
734 1362 838 1422 gead
888 1354 1119 1414 gesocht
1169 1354 1383 1414 hebben
1422 1359 1477 1419 ende
1505 1358 1615 1418 door
1665 1360 1874 1420 harige
1935 1360 2099 1420 dorst
2161 1363 2314 1423 noot
2381 1378 2562 1438 gedwor¬

404 1437 502 1497 gen
569 1432 673 1492 zyn
723 1425 1009 1485 geweest
1065 1419 1202 1479 naer
1264 1425 1467 1485 Indien
1528 1422 1594 1482 te
1644 1422 1826 1482 seilen
1876 1425 1947 1485 soo
1981 1427 2141 1487 heeft
2202 1437 2521 1497 ferommus

399 1508 566 1568 zijnde
627 1500 749 1560 hier
816 1494 993 1554 hooft
1044 1482 1182 1542 ende
1248 1486 1359 1546 dnr
1416 1486 1482 1546 op
1533 1479 1629 1539 het
1706 1485 1914 1545 eijlant
1955 1496 2122 1556 vant
2174 1503 2514 1563 volckwas

402 1574 587 1634 quade
656 1569 692 1629 ja
756 1562 1004 1622 duijnelse
1079 1548 1276 1608 behulp
1340 1545 1525 1605 middel
1594 1545 1835 1605 bedocht
1873 1548 1941 1608 ende
1961 1551 2041 1611 int
2097 1559 2320 1619 werck
2370 1562 2518 1622 laten

406 1641 634 1701 stellen
686 1633 788 1693 tot
844 1625 997 1685 sijnen
1058 1619 1217 1679 raet
1273 1620 1571 1680 neemende
1632 1613 1893 1673 persoonen
1930 1616 2046 1676 van
2098 1619 2172 1679 sijn
2233 1625 2475 1685 humeur

399 1706 497 1766 als
545 1700 694 1760 davit
738 1694 861 1754 van
926 1688 1238 1748 Zeevanck
1303 1689 1371 1749 ende
1397 1682 1679 1742 coenraet
1722 1682 1833 1742 van
1889 1679 2073 1739 huijsse
2142 1682 2214 1742 die
2257 1686 2394 1746 goet
2433 1688 2531 1748 ghe¬

382 1762 605 1822 vonden
653 1757 857 1817 hebben
906 1751 969 1811 al
1018 1748 1066 1808 de
1122 1746 1392 1806 menschen
1453 1743 1519 1803 te
1575 1742 1760 1802 laten
1817 1745 2143 1805 vermoorden
2188 1745 2325 1805 ofte
2385 1752 2440 1812 om

395 1828 644 1888 brengen
708 1819 801 1879 tot
842 1821 948 1881 het
993 1816 1168 1876 getal
1226 1813 1346 1873 van
1400 1811 1503 1871 45:
1534 1804 1668 1864 ofte
1735 1804 1945 1864 minder
2004 1809 2075 1869 ende
2098 1809 2169 1869 sijn
2218 1810 2307 1870 die
2352 1811 2522 1871 eerste

394 1893 689 1953 geweest
753 1879 858 1939 Jan
927 1879 1271 1939 Corneelesen
1319 1870 1434 1930 van
1482 1861 1814 1921 aemspoort
1874 1872 2158 1932 soldaet,
2196 1882 2401 1942 Tomas
2433 1888 2543 1948 wens

370 1958 520 2018 van
576 1954 896 2014 Copenhage
974 1942 1290 2002 bootsgesel
1350 1942 1409 2002 ende
1442 1933 1725 1993 Hendrick
1771 1927 1913 1987 Jans
1960 1934 2092 1994 van
2138 1945 2472 2005 oldenburch

413 2025 474 2085 die
531 2016 918 2076 stilswygens
961 2004 1077 2064 met
1127 1998 1251 2058 een
1307 2001 1459 2061 vlot
1501 1995 1757 2055 gesonden
1806 1989 2020 2049 wiert
2090 2003 2145 2063 om
2236 2014 2311 2074 te
2368 2019 2505 2079 hade

389 2088 794 2148 verdrincken
860 2072 1096 2132 ’twelck
1129 2068 1198 2128 soo
1242 2067 1501 2127 geschiet
1553 2064 1599 2124 is

391 2185 555 2245 Item
636 2185 696 2245 op
742 2177 816 2237 den
857 2177 881 2237 4
932 2174 1042 2234 Julij
1083 2169 1248 2229 heeft
1283 2168 1338 2228 hy
1379 2165 1443 2225 ende
1465 2162 1544 2222 den
1580 2163 1730 2223 raet
1775 2160 1925 2220 goet
1971 2155 2256 2215 gevonden
2292 2168 2512 2228 Ecbert

377 2260 531 2320 Coel
579 2253 704 2313 ofte
748 2243 1057 2303 warnaer
1115 2237 1297 2297 dirckx
1356 2230 1587 2290 timmerm
1655 2229 1785 2289 onder
1838 2225 2166 2285 pretecket
2200 2229 2296 2289 dat
2330 2232 2364 2292 si
2398 2234 2527 2294 liede

410 2318 592 2378 hadde
653 2313 805 2373 wille
857 2312 982 2372 met
1022 2307 1126 2367 het
1165 2306 1482 2366 schuijtgin
1539 2300 1824 2360 doorgaen
1873 2300 1933 2360 te
1986 2298 2150 2358 laten
2220 2303 2419 2363 Capen

395 2386 515 2446 oft
564 2386 694 2446 doot
748 2378 926 2438 slaen
1008 2374 1274 2434 ’twelck
1333 2371 1482 2431 alsoo
1526 2371 1796 2431 geschiet
1845 2368 1897 2428 is

387 2486 524 2546 Item
598 2494 651 2554 op
701 2494 783 2554 den
808 2495 832 2555 5
887 2495 935 2555 do
990 2494 1170 2554 heeft
1220 2491 1288 2551 hij
1328 2492 1386 2552 ende
1406 2494 1489 2554 den
1539 2497 1685 2557 raet
1735 2506 1876 2566 goet
1921 2503 2199 2563 gevonden
2239 2506 2337 2566 dat
2357 2509 2464 2569 men

361 2554 560 2614 Hans
601 2560 776 2620 radder
842 2557 964 2617 van
1001 2554 1192 2614 dansick
1238 2554 1360 2614 adel
1422 2557 1470 2617 ende
1515 2562 1707 2622 Jacob
1772 2568 2148 2628 groenewalt
2201 2574 2380 2634 opper

374 2625 755 2685 Trompetter
815 2622 928 2682 aen
968 2619 1067 2679 een
1107 2613 1309 2673 Eijlant
1359 2616 1497 2676 soude
1562 2628 1833 2688 brengen
1879 2631 1932 2691 ende
1953 2639 2219 2699 datmense
2270 2643 2398 2703 daer

395 2691 604 2751 handen
645 2694 698 2754 ende
725 2697 974 2757 voeten
1019 2691 1183 2751 soude
1251 2690 1442 2750 kinden
1496 2696 1553 2756 ende
1572 2694 1643 2754 soo
1674 2694 1718 2754 in
1777 2694 1870 2754 zee
1924 2704 2173 2764 draegen
2222 2709 2467 2769 twelck

384 2752 534 2812 naer
595 2761 882 2821 gecomen
928 2765 972 2825 is
1029 2762 1224 2822 sonder
1280 2765 1370 2825 dat
1422 2768 1471 2828 sij
1522 2762 1668 2822 eijts
1714 2760 1950 2820 misdaen
2016 2771 2227 2831 hebben

383 2846 522 2906 Item
588 2855 728 2915 alsoo
779 2856 868 2916 der
924 2852 1003 2912 een
1044 2849 1114 2909 pr
1144 2849 1229 2909 tije
1285 2861 1480 2921 Jonge
1530 2846 1760 2906 mannen
1791 2849 1846 2909 ende
1866 2852 2111 2912 vrouwen
2147 2855 2422 2915 omtrent
2473 2849 2512 2909 te

395 2918 619 2978 sterck
684 2921 736 2981 op
772 2923 792 2983 ’t
841 2922 1066 2982 Robben
1114 2921 1339 2981 eijlant
1396 2918 1544 2978 geset
1577 2912 1790 2972 waeren
1822 2915 1974 2975 heeft
2036 2915 2365 2975 Jerommus
2409 2916 2521 2976 met

398 2988 546 3048 sijnen
594 2991 739 3051 raet
787 2992 923 3052 goet
977 2992 1294 3052 gevonden
1342 2986 1628 3046 deselve
1684 2983 1744 3043 te
1789 2986 1965 3046 laten
2002 2983 2114 3043 doot
2159 2983 2307 3043 slaen
2336 2986 2384 3046 ende
2404 2983 2532 3043 wierd

388 3056 460 3116 op
499 3058 545 3118 15
627 3057 750 3117 Julij
801 3058 1073 3118 omtrent
1108 3055 1150 3115 18
1210 3058 1431 3118 Jonges
1466 3052 1589 3112 doot
1623 3049 1955 3109 geslaegen
1994 3054 2164 3114 waer
2219 3058 2364 3118 onder
2402 3057 2542 3117 ettelij

392 3124 653 3184 mannen
701 3121 931 3181 waeren
968 3122 1019 3182 ende
1048 3121 1100 3181 op
1141 3121 1221 3181 den
1262 3124 1322 3184 18
1374 3122 1418 3182 d„o
1464 3115 1644 3175 heeft
1697 3113 1753 3173 hij
1798 3115 2023 3175 belast
2080 3115 2289 3175 datmen
2330 3123 2382 3183 de
2406 3123 2522 3183 reft

375 3192 558 3252 waer
606 3192 769 3252 onder
829 3186 856 3246 4
900 3183 1179 3243 vrouwen
1219 3183 1457 3243 waeren
1506 3180 1712 3240 meede
1772 3183 1931 3243 soude
1983 3180 2094 3240 doot
2146 3179 2317 3239 slaen
2365 3183 2532 3243 twelc

382 3255 536 3315 oock
586 3252 660 3312 soo
695 3255 953 3315 geschiet
998 3249 1047 3309 is
1098 3246 1271 3306 maer
1331 3246 1653 3306 Corneeles
1694 3252 1862 3312 Jans
1907 3249 2021 3309 van
2066 3258 2215 3318 Amst
2260 3260 2532 3320 assistens

377 3318 648 3378 marcus
697 3322 915 3382 Sijmons
957 3317 1069 3377 van
1117 3309 1359 3369 holsteijn
1413 3312 1661 3372 soldaet
1709 3320 1773 3380 ende
1797 3327 1850 3387 2:
1898 3322 2063 3382 boots
2087 3330 2329 3390 gesellen
2365 3336 2430 3396 die

388 3386 784 3446 waegenaers
823 3377 1110 3437 genaemt
1192 3374 1287 3434 zijn
1335 3380 1436 3440 het
1484 3383 1899 3443 ontvlucht

370 3489 533 3549 Item
599 3494 735 3554 alsoo
779 3488 980 3548 Pieter
1041 3486 1199 3546 Jans
1248 3482 1553 3542 provoost
1597 3486 1716 3546 met
1766 3489 1837 3549 sijn
1865 3499 2011 3559 vrou
2055 3503 2115 3563 ende
2132 3501 2273 3561 kint
2323 3506 2475 3566 Claes

393 3553 702 3613 Harmans
748 3548 875 3608 van
921 3557 1437 3617 maechdenburch
1479 3552 1613 3612 met
1660 3552 1716 3612 sin
1778 3562 1919 3622 vrou
1961 3569 2210 3629 glandia
2260 3574 2474 3634 vatoijs

373 3622 507 3682 met
538 3616 677 3676 haer
735 3607 869 3667 kint
916 3616 1252 3676 cristeffel
1320 3610 1474 3670 quist
1542 3610 1769 3670 seldaet
1827 3619 2090 3679 wonder
2204 3639 2405 3699 toel
